2954 4874
716 257 758 323 24

155 451 223 531 esse
243 435 375 516 putant,
395 434 491 532 idque
512 432 662 533 Langio·l
684 455 813 533 quoque
831 438 1000 535 probatur..
1049 437 1132 535 Nam
1152 436 1267 534 legitur
1289 437 1324 503 in

155 516 1324 683 tutati,statuttlamentanti?trulla

154 683 232 746 Pola
249 683 399 762 elocutus,
422 703 494 748 cum
512 704 570 765 ego
582 685 723 767 Appium
746 704 909 750 censorem
931 686 1043 750 eadem
1063 687 1132 767 lege
1151 686 1321 766 postulavi.

155 765 242 848 quod
264 768 376 831 melius
397 767 525 831 caderet
545 767 622 829 nibil
643 768 720 841 vidi;
748 787 821 831 nam
855 769 898 832 sic
927 773 975 833 est
1005 788 1026 832 a
1055 768 1174 850 populo
1200 772 1232 832 et
1253 788 1323 834 non

154 848 264 912 infimo
286 869 415 931 quoque
437 849 668 931 adprobatum,
700 857 737 913 ut
765 851 917 915 maiorem
938 851 1043 934 Appio
1067 851 1210 915 dolorem
1233 851 1323 917 lama

154 950 250 1013 quarn
277 932 451 1014 postulatio
481 931 631 996 attulerit.
662 937 826 1014 praeterea
851 934 940 1015 coepi
961 934 1131 1010 sacellum,
1163 933 1193 995 in
1224 932 1323 998 domo

154 1014 240 1094 quod
261 1019 317 1091 est,
339 1016 381 1080 ab
402 1034 439 1079 eo
460 1017 589 1096 petere‘.
636 1015 721 1092 Quos
755 1015 815 1079 hoc
841 1016 912 1080 loco
941 1014 1065 1080 Caelius
1089 1020 1324 1081 commemorat

153 1116 295 1160 summos
322 1118 396 1161 suos
420 1095 582 1162 Circenses
603 1097 710 1174 ludos,
737 1102 812 1162 sunt
830 1100 850 1162 ii
873 1098 937 1162 ludi
960 1099 1116 1174 Romani,
1145 1099 1199 1180 qui
1214 1097 1324 1163 Caelio

153 1180 246 1243 aedili
263 1181 363 1244 curuli
380 1180 514 1244 curandi
533 1185 641 1254 erant3
671 1181 726 1262 qui
747 1181 899 1262 quoniam
923 1201 1005 1264 apr.
1020 1201 1095 1245 non.
1109 1181 1194 1262 Sept.
1217 1199 1324 1264 usque

154 1262 195 1325 ad
216 1283 244 1326 a.
262 1264 291 1326 d.
310 1263 376 1327 XII.
397 1264 427 1326 lr.
444 1262 513 1327 Oct.
535 1266 595 1342 (Ξ
616 1263 739 1327 4.-19.
754 1263 854 1344 Sept.)
878 1263 1029 1328 celebrari
1052 1263 1174 1339 solent,
1191 1281 1324 1329 necesse

154 1349 202 1408 est
226 1345 311 1409 hanc
335 1345 501 1429 epistulam
525 1351 581 1410 aut
603 1347 685 1410 intra
704 1345 787 1409 idem
816 1346 891 1409 illud
922 1348 1073 1428 temporis
1101 1347 1239 1428 spatium
1263 1350 1324 1412 aut

153 1429 251 1510 paulo
269 1432 340 1509 post
358 1429 467 1493 datam
480 1449 555 1492 esse.
589 1429 671 1493 Nam
695 1429 735 1491 de
757 1427 804 1491 his
828 1429 923 1491 rebus
945 1430 1057 1493 eodem
1080 1428 1145 1492 fere
1166 1432 1322 1511 ternpore,

154 1529 218 1593 quo
247 1512 350 1575 factae
381 1515 471 1587 sunt,
508 1511 652 1576 Caelium
683 1511 847 1574 certiorem
880 1512 986 1576 fecisse
1017 1509 1218 1586 Ciceronem,
1247 1512 1324 1576 inde

154 1597 288 1675 apparet
296 1595 382 1676 quod
394 1594 483 1657 dicit:
508 1598 681 1676 ,praeterea
703 1594 877 1675 coepi
899 1594 941 1657 ab
960 1614 998 1657 eo
1020 1596 1145 1676 petere‘.
1176 1593 1325 1661 Dubitari

153 1675 248 1755 igitur
264 1677 383 1759 nequit,
400 1677 477 1759 quin
492 1677 569 1741 baec
584 1697 632 1758 ep.
644 1677 687 1740 ad
704 1696 845 1741 mensem
855 1677 1074 1759 Septembrem
1091 1676 1131 1740 sit
1144 1677 1324 1745 referenda.

236 1783 410 1865 Epistulam
431 1783 514 1859 Vlll,
538 1785 577 1846 14
597 1803 672 1847 vero
694 1787 765 1865 post
787 1782 872 1860 Vlll,
893 1784 931 1846 12
952 1783 1062 1847 datam
1084 1802 1163 1860 esse,
1195 1787 1325 1865 praeter

152 1866 307 1946 Langium
338 1886 449 1930 omnes
477 1866 532 1929 viri
561 1866 646 1929 docti
677 1886 716 1928 ex
747 1865 912 1947 utriusque
947 1865 1101 1947 epistulae
1130 1871 1324 1946 argumento

154 1949 384 2013 concluserunt.
409 1949 519 2031 Neque
538 1949 625 2032 quod
646 1949 689 2011 ita
711 1948 942 2023 iudicaverunt,
962 1951 1090 2028 propter
1104 1947 1321 2015 coniecturam

153 2034 279 2095 tantum
299 2032 418 2095 factum
438 2035 494 2107 est,
518 2051 616 2114 quarn
634 2031 769 2094 editores
787 2030 819 2093 in
835 2033 956 2094 textum
971 2032 1166 2112 receperunt.
1199 2030 1325 2108 Quam-

155 2134 252 2196 quam
277 2115 353 2196 qnin
376 2114 539 2178 verissima
559 2115 598 2176 sit
621 2113 675 2177 illa
687 2112 867 2176 coniectura
880 2132 976 2176 nemo
988 2112 1154 2177 dubitabit.
1182 2113 1323 2179 Praebet

155 2197 239 2260 enim
268 2199 299 2260 in
323 2201 400 2261 extr.
422 2216 469 2279 ep.
490 2197 572 2266 Vlll,
594 2197 631 2259 ln
653 2195 752 2259 codex
773 2194 946 2259 Mediceus:
981 2195 1049 2272 ,scis
1070 2195 1207 2259 Domitio
1234 2196 1323 2262 diem

153 2283 297 2343 tumorae
330 2283 377 2344 est
411 2282 560 2361 exspecto
591 2278 683 2342 valde
712 2281 744 2341 et
771 2298 870 2359 quarn
900 2279 1039 2359 primum
1067 2278 1174 2340 videre
1205 2280 1322 2361 cupio‘.

153 2362 246 2440 Quod
268 2363 421 2426 Victorius
443 2362 486 2426 sic
507 2361 656 2425 correxit:
685 2360 753 2437 ,scis
775 2360 913 2424 Domitio
936 2360 1020 2423 diem
1049 2361 1155 2424 timori
1176 2379 1252 2424 esse.
1288 2367 1323 2428 te

153 2450 301 2526 exspecto
321 2445 414 2508 valde
442 2451 475 2508 et
504 2464 603 2526 quam
625 2444 772 2524 'primum
793 2443 901 2506 videre
925 2443 1037 2524 cupio‘.
1081 2441 1174 2506 Nunc
1198 2443 1231 2506 in
1253 2445 1322 2509 edi·

153 2529 290 2591 tionibus
311 2547 349 2591 ex
362 2526 491 2591 Weiskii
514 2527 694 2590 coniectura
707 2525 836 2605 legitur:
854 2526 922 2600 ‚scis
935 2524 1071 2588 Domitio
1085 2523 1322 2609 (comitiorum)

155 2611 239 2673 diem
262 2611 366 2674 timori
389 2629 466 2673 esse.
489 2612 520 2671 te
542 2613 688 2690 exspecto
710 2627 736 2669 e.
759 2628 790 2689 q.
812 2609 861 2682 s.’;
896 2626 979 2688 quae
999 2607 1099 2670 verba
1124 2608 1150 2670 si
1177 2611 1263 2673 recte
1284 2630 1321 2675 se

153 2693 289 2769 habent,
322 2694 437 2756 docent
473 2710 511 2754 eo
536 2695 680 2772 tempore
711 2709 775 2771 qno
798 2710 846 2772 ep.
869 2688 945 2765 Vlll,
966 2690 1002 2752 lb
1024 2691 1141 2771 scripta
1162 2694 1223 2768 est,
1253 2694 1271 2755 i.
1289 2713 1318 2757 e.

153 2795 263 2839 mense
284 2774 475 2857 Septembri,
498 2773 626 2837 comitia
648 2773 761 2851 auguri
782 2771 921 2836 creando
942 2772 1087 2835 nondum
1108 2773 1218 2838 habita
1240 2794 1315 2838 esse.

153 2858 235 2923 Nam
259 2859 291 2921 in
314 2858 418 2921 locum
433 2856 593 2920 Hortensii
612 2856 728 2918 mortui
748 2858 939 2936 auguratum
961 2854 1141 2936 petiverunt
1160 2860 1191 2920 et
1208 2857 1240 2920 L.
1252 2857 1315 2918 Do·

155 2942 259 3005 mitius
280 2939 514 3004 Ahenobardus
535 2942 567 3002 et
588 2938 628 3002 M.
642 2937 810 3014 Antonius,
834 2956 971 3019 quorum
989 2937 1071 3001 alter
1092 2939 1133 3001 ab
1154 2939 1313 3019 optimati-

152 3025 224 3098 bus,
245 3022 363 3087 altera
385 3020 519 3086 Caesare
538 3022 759 3086 adiuvabatur.
801 3020 908 3102 Atque
933 3021 1085 3102 quoniam
1115 3020 1148 3084 in
1169 3040 1217 3103 ep.
1240 3019 1319 3101 Vlll,

156 3107 195 3170 14
217 3104 235 3186 ἕ
259 3107 272 3168 1
298 3105 426 3186 legitur,
448 3105 621 3167 Domitium
645 3102 802 3185 repulsam
824 3102 945 3180 tulisse,
974 3103 1149 3167 Antonium
1173 3110 1318 3169 creatum

154 3209 231 3263 esse,
253 3207 382 3268 prorsus
396 3186 562 3250 verisimile
586 3190 633 3250 est
655 3191 686 3249 et
705 3185 791 3248 illam
807 3186 1024 3249 coniecturam
1039 3189 1123 3250 recte
1136 3205 1170 3250 se
1185 3186 1316 3266 habere,

154 3276 185 3335 ct
205 3271 374 3352 epistulam
396 3269 476 3344 Vlll,
502 3270 541 3331 12
562 3268 659 3351 paulo
690 3272 764 3332 ante
793 3269 937 3364 comit-ia,
968 3288 1016 3350 ep.
1039 3266 1121 3362 Vlll,
1154 3269 1206 3365 14·
1219 3271 1318 3351 paulo

154 3350 1319 3515 {trientl³tt¹¹tpttl17il⁰llt⁰tn‚installaretur

155 3519 266 3601 aliquis
297 3518 365 3582 aliis
392 3517 586 3599 argumentis
614 3519 793 3579 commotus
824 3517 913 3579 aliter
942 3519 1080 3578 statuere
1109 3521 1224 3598 posset.
1273 3520 1319 3583 At

155 3599 277 3666 accedit
297 3601 433 3664 alterurn
451 3600 670 3679 gravissimum
684 3600 921 3677 argumentum.
964 3597 1076 3661 Scribit
1097 3599 1182 3662 enim
1193 3599 1318 3666 Caelius

155 3686 188 3749 in
210 3704 258 3765 ep.
280 3682 363 3759 Vlll,
388 3683 425 3746 12
452 3703 506 3758 se,
533 3702 605 3746 curn
627 3681 759 3745 summis
780 3679 977 3745 Circensibus
998 3680 1080 3744 ludis
1101 3682 1198 3763 Appii
1219 3703 1318 3765 opera

154 3768 222 3848 lege
235 3766 398 3829 Scantinia
421 3765 474 3845 (de
496 3765 634 3829 nefanda
646 3763 781 3838 Venere)
803 3767 969 3827 accusatus
984 3768 1075 3840 esset,
1096 3766 1206 3828 statim
1226 3766 1318 3831 illum

155 3850 267 3915 eadem
296 3849 364 3930 lege
385 3848 569 3930 postulasse.
617 3847 670 3911 Ad
701 3865 797 3928 quem
821 3847 967 3910 nuntium
998 3849 1107 3928 aperte
1128 3846 1254 3912 Caelius
1284 3850 1317 3914 in

225 4081 255 4143 a)
274 4075 302 4133 L.
321 4075 423 4147 Lange,
441 4076 519 4132 Rom.
538 4077 734 4142 Alterthttmer,
752 4075 801 4130 111.
808 4075 857 4129 Bd.
876 4075 900 4129 2.
911 4074 983 4129 Aufl.
1002 4075 1073 4131 Berl.
1089 4074 1157 4131 1876
1171 4092 1199 4148 p.
1216 4074 1277 4141 402,
1291 4077 1317 4133 7.
