2954 4874
735 191 887 274 ec'

167 392 219 474 qui
252 391 354 456 fuerat
383 389 494 454 Crassi.
550 389 579 453 is
609 392 717 472 paucis
751 389 863 454 diebus
893 390 997 454 anteo
1020 389 1122 454 Bibuli
1155 389 1329 454 adventum

166 475 301 538 Parthos
323 475 460 554 fugavit,
492 473 522 535 id
546 474 632 555 quod
655 474 729 538 inde
750 476 901 555 apparet,
928 474 1015 555 quod
1045 473 1156 538 eodem
1185 477 1328 554 tempore

167 557 278 622 Cicero
304 561 335 619 et
358 557 398 619 de
416 555 512 619 Cassii
535 556 665 619 victoria
687 555 780 620 etde
801 554 904 619 Bibuli
925 555 1067 620 adventu
1090 555 1204 619 certior
1226 555 1327 619 factus

166 641 250 704 estll.
310 639 392 702 Satis
428 641 534 701 autem
570 643 716 702 accurate
750 637 871 701 definiri
910 641 1035 720 tempus
1064 637 1146 702 illius
1175 637 1326 702 victoriae

167 726 286 803 potest;
317 723 356 784 de
383 740 447 803 quo
470 740 507 783 eo
530 720 630 800 magis
653 720 871 803 quaerendum
891 739 959 784 esse
981 719 1155 797 ducebam,
1185 720 1271 802 quod
1295 724 1326 783 et

166 805 388 869 Drumannum
411 806 442 866 et
463 803 617 883 Langium
644 805 748 867 minus
769 806 854 866 recte
875 801 915 866 de
937 821 974 867 eo
996 803 1149 866 iudicasse
1167 803 1268 866 video.

245 905 407 968 Turbatur
427 903 506 967 haec
550 903 672 968 uaestio
694 901 848 983 eo‚quod
869 901 957 965 locus
980 902 1092 984 aliquis
1113 902 1144 964 in
1167 899 1325 966 Ciceronis

166 988 304 1072 quadam
329 987 462 1070 epistula
483 923 700 1049 mdlestissimo
721 984 838 1048 rnendo
857 988 1025 1066 corruptus
1040 988 1096 1048 est.
1138 984 1214 1048 Inde
1230 985 1324 1066 igitur

165 1076 213 1135 cst
241 1069 511 1152 proficiscendum.
574 1068 700 1148 Legitur
725 1068 757 1131 in
785 1086 833 1148 ep.
857 1066 898 1130 ad
920 1067 986 1130 Att.
1008 1065 1044 1143 V,
1073 1067 1110 1130 21
1135 1064 1153 1147 ἕ
1177 1068 1210 1130 2:
1250 1086 1325 1150 ‚quo

165 1158 271 1218 autem
287 1153 336 1214 die
356 1151 483 1215 Cassii
506 1150 668 1214 litterae
690 1149 873 1214 victrices
894 1149 925 1212 in
942 1153 1056 1213 senatu
1072 1150 1223 1215 recitatae
1239 1154 1322 1228 sunt,

164 1237 196 1301 id
216 1240 263 1299 est
285 1234 400 1298 nonis
422 1232 673 1311 Octobribus
696 1233 808 1296 eodem
824 1251 914 1295 meae
929 1231 1103 1295 tumultum
1120 1233 1323 1296 nuntiantes‘.

164 1319 254 1397 Quae
282 1316 378 1381 verba
411 1320 494 1379 recte
524 1335 557 1378 se
590 1315 706 1379 habere
737 1318 910 1396 nequeunt:
955 1333 1032 1378 nam
1065 1317 1178 1378 neutra
1211 1334 1322 1379 carum

163 1399 377 1482 epistularum,
400 1399 439 1462 de
455 1396 568 1480 quihus
584 1397 645 1461 hoc
661 1397 727 1461 loco
742 1416 846 1460 sermo
861 1399 921 1472 est,
943 1400 1010 1461 tarn
1031 1396 1170 1462 celeriter
1182 1397 1320 1461 Romam

165 1481 292 1566 perferri
317 1481 436 1563 potuit,
462 1484 498 1543 ut
527 1499 603 1544 non.
627 1479 694 1543 Oct.
716 1479 747 1541 in
777 1482 889 1542 senatu
911 1479 1103 1543 recitaretur.
1153 1479 1260 1560 Atque
1281 1480 1321 1544 de
1346 1502 1350 1508 ⁴

165 1566 324 1632 Ciceronis
346 1563 472 1645 quidem
495 1562 628 1644 epistula
649 1561 710 1625 hoc
731 1560 820 1624 facile
842 1565 888 1626 est
909 1561 1136 1626 demonstrare.
1177 1561 1318 1626 Primam

162 1649 246 1711 enim
271 1647 309 1709 de
332 1644 477 1709 Parthico
495 1644 632 1725 periculo
653 1642 759 1708 Cicero
787 1643 828 1707 ad
856 1648 1001 1708 senatum
1032 1644 1119 1719 dedit
1151 1645 1320 1726 epistulam

163 1730 230 1806 XV,
244 1732 271 1805 1,
293 1729 442 1808 quoniam
461 1726 572 1807 ipsein
588 1725 636 1808 §2
653 1730 760 1808 aperte
773 1724 922 1805 declarat,
945 1746 978 1790 se
999 1744 1064 1791 non
1081 1725 1167 1809 prius
1186 1727 1319 1791 voluisse

163 1816 308 1876 senatum
327 1809 501 1885 sollicitare,
522 1828 619 1890 quam
642 1815 745 1873 certos
767 1808 807 1872 de
828 1808 955 1873 Parthis
976 1810 1103 1873 nuntios
1117 1810 1318 1890 accepissent

163 1894 267 1974 Quam
289 1891 456 1973 epistulam
477 1891 557 1954 inter
582 1912 610 1955 a.
636 1891 666 1954 d.
689 1890 767 1955 Xlll.
791 1893 823 1954 et
842 1890 894 1954 XI.
918 1889 979 1955 kal.
1002 1889 1071 1955 Oct.
1095 1891 1153 1972 (=
1179 1892 1317 1957 18.-uo.

161 1978 247 2058 Sept.
270 1975 341 2053 703)
362 1973 573 2054 conscriptam
604 1993 671 2037 esse
704 1975 763 2036 lroc
791 1974 888 2036 modo
914 1972 1053 2037 efficitur,
1102 1973 1157 2038 Est
1187 1976 1217 2037 in
1240 1972 1258 2055 ᾗ
1281 1977 1318 2041 T:

158 2079 198 2138 ,a
208 2060 238 2122 d.
248 2054 474 2122 Xlll.lral.Oct.
484 2075 557 2120 cum
577 2056 749 2120 exercitum
764 2055 795 2118 in
805 2053 944 2119 Ciliciam
967 2056 1125 2134 ducerem,
1146 2057 1178 2119 in
1199 2057 1315 2122 finibus

159 2142 337 2223 Lycaoniae
357 2143 388 2202 et
402 2137 624 2220 Cappadociae
646 2138 722 2201 mihi
744 2138 866 2201 litterae
882 2137 1024 2202 redditae
1045 2143 1120 2202 sunt
1141 2138 1316 2204 aTarcon·

159 2225 355 2288 dimoto...
379 2219 461 2300 tsssst
483 2224 514 2283 ct
534 2221 576 2284 ob
596 2240 666 2283 eam
686 2239 816 2284 causam
838 2266 892 2283 ...
917 2220 1087 2285 exercitum
1109 2221 1151 2285 ad
1173 2221 1314 2287 Taurum

110 2378 113 2383 ξ
159 2305 321 2369 institui
349 2304 483 2367 ducere’.
534 2301 568 2364 lu
597 2323 646 2384 ep.
665 2303 706 2366 ad
728 2303 794 2366 Att.
815 2302 851 2379 V,
876 2303 932 2381 18,
963 2322 1047 2384 quae
1072 2322 1102 2367 a.
1125 2303 1155 2367 d.
1177 2304 1229 2368 XI.
1253 2306 1314 2370 kal.

159 2388 226 2453 Oct.
244 2387 320 2451 data
340 2384 425 2461 estu,
447 2385 475 2448 le
498 2384 562 2448 itur
582 2383 613 2466 (ἓ
636 2384 681 2464 1):
704 2403 771 2460 ‚nos
792 2385 824 2447 in
844 2383 1046 2468 Cappadocia
1068 2385 1117 2449 ad
1138 2383 1313 2453 Taurum

157 2490 231 2535 curn
252 2470 391 2534 exercitu
411 2468 452 2532 ad
476 2405 621 2549 Cybistra
642 2467 700 2550 (sc
712 2468 861 2547 sumusl‘:
879 2472 1012 2550 apparet
1030 2468 1126 2545 igitur
1146 2489 1163 2530 e
1188 2470 1314 2534 istulam

158 2553 200 2618 ad
220 2556 368 2616 senatum
389 2550 456 2625 XV,
482 2551 496 2611 l
516 2553 609 2631 post
631 2548 710 2614 ad.
733 2548 811 2614 Xlll.
831 2550 887 2614 sed
907 2554 1002 2614 ante
1024 2569 1053 2613 a.
1075 2549 1105 2612 d.
1128 2489 1226 2614 ka.
1244 2551 1313 2618 Oct.

156 2655 227 2700 corn
250 2635 362 2698 ositam
385 2652 466 2709 esse,
498 2632 529 2695 id
562 2632 647 2713 quod
680 2631 888 2696 confirmatur
916 2635 1011 2697 etiam
1037 2632 1142 2696 verbis
1162 2634 1313 2716 epistulae

157 2718 198 2782 ad
250 2720 286 2779 tt.
309 2714 345 2790 V,
369 2715 408 2778 18
429 2712 447 2796 ἕ
473 2715 503 2776 i:
537 2714 594 2791 ‚his
618 2714 658 2777 de
686 2715 780 2778 rebus
808 2716 915 2797 scripsi
943 2715 984 2779 ad
1012 2719 1158 2799 senatum
1181 2736 1208 2781 e.
1224 2737 1254 2799 q.
1276 2721 1312 2782 s.‘

156 2799 316 2881 Sequitur,
340 2802 374 2860 ut
396 2816 433 2859 ea
449 2793 605 2860 Ciceronis
627 2796 759 2878 epistula
774 2797 856 2878 (XV,
881 2798 910 2878 1)
929 2798 1052 2862 senatui
1073 2802 1148 2862 ante
1169 2818 1311 2865 mensem

155 2881 368 2948 Nouembrem
399 2879 521 2943 reddita
543 2898 694 2942 essenon
715 2881 830 2961 possit,
857 2881 883 2944 si
903 2880 1031 2963 quidem
1056 2880 1213 2957 ‚celeriter‘
1236 2903 1311 2965 pro-

155 2964 257 3030 iectus
280 2967 347 3026 erat
369 2961 551 3026 tabellarius
575 2961 634 3038 ille,
656 2963 709 3044 qui
725 2963 775 3025 47.
793 2962 842 3026 die
857 2963 963 3026 Roma
978 2962 1142 3044 epistulam
1162 2963 1192 3027 in
1208 2970 1310 3031 castra

156 3049 197 3112 ad
217 3045 362 3129 Cybistra
380 3045 536 3126 pertulit‘l.
559 3080 599 3090 -—
621 3043 740 3108 Deinde
763 3049 797 3107 ut
819 3063 883 3127 quo
906 3048 1048 3126 ternpore
1069 3045 1168 3109 Cassii
1187 3047 1310 3114 litterae

156 3129 295 3192 victrices
311 3130 374 3192 sint
392 3127 486 3191 datae
506 3131 646 3191 statuere
667 3127 838 3208 possimus,
860 3127 1078 3209 quaerendum
1100 3131 1158 3205 est,
1179 3131 1309 3212 quando

154 3211 204 3274 ille
219 3209 353 3274 Parthos
370 3210 488 3273 vicerit.
526 3207 682 3273 Cohaeret
703 3213 811 3272 autern
832 3227 904 3272 cum
933 3210 995 3274 hac
1024 3211 1208 3292 quaestione
1231 3213 1309 3278 ordo

154 3311 263 3358 rernm
285 3311 305 3355 a
325 3291 474 3356 Cicerone
495 3296 673 3372 gestarum,
696 3310 791 3373 quem
813 3295 1001 3374 propterea,
1024 3294 1132 3375 quoad
1153 3294 1220 3359 eius
1240 3296 1308 3360 fieri

154 3378 268 3459 potest,
290 3374 351 3438 hac
372 3375 487 3439 tabella
507 3390 701 3456 proponam:

220 3608 249 3674 a)
265 3606 299 3661 ct.
317 3605 352 3658 ad
371 3604 430 3658 An.
449 3603 482 3667 V,
501 3602 532 3656 21
552 3603 567 3672 ᾖ
586 3602 614 3672 2;
632 3600 686 3657 Cic.
702 3601 821 3673 Philipp.
832 3603 880 3668 XI,
902 3605 941 3669 14,
960 3605 1002 3660 35.

219 3677 249 3746 bl
267 3675 301 3730 ef.
323 3673 358 3727 ad
373 3673 436 3726 lam.
455 3671 513 3735 XV,
529 3671 554 3736 4,
574 3672 606 3736 ‘l;
625 3670 659 3735 ΙΙ,
680 3672 719 3739 10,
739 3675 764 3724 2.

220 3756 247 3810 ot
265 3744 299 3799 ef.
319 3742 405 3798 etiam
427 3741 461 3794 ad
480 3741 544 3794 fam.
564 3740 623 3804 XV,
642 3741 666 3802 3,
685 3742 715 3805 23
734 3742 759 3804 9,
779 3743 803 3794 3.

219 3815 247 3883 d)
265 3815 297 3868 Id
315 3811 389 3882 quod
407 3812 523 3880 apparet
539 3827 573 3865 ex
591 3825 634 3878 ep.
652 3810 685 3874 V,
707 3812 736 3864 19
752 3811 768 3880 fi
786 3809 808 3873 l,
827 3825 899 3876 quae
916 3824 958 3878 ep.
976 3813 1084 3880 postero
1103 3813 1148 3869 dic
1164 3815 1232 3871 data
1250 3824 1305 3884 θείς

204 3881 382 4018 mu
396 3881 429 4017 t,
447 3884 489 4002 a.
