2954 4874
743 221 783 287 37

248 402 301 484 80)
323 403 361 467 cf.
385 399 463 478 XVl,
488 401 506 464 3
529 399 548 481 ἓ
571 401 584 464 1
610 403 641 464 et
662 401 741 480 XVI,
761 401 789 464 8.

248 502 900 616 ωπῃωμωψᾼμ,

250 666 302 745 88)
324 685 361 728 c.
383 663 464 740 XVI,
486 663 508 726 4
530 667 622 737 extr.;
644 665 664 726 5
685 667 780 742 extr.;
801 664 821 726 6
844 661 862 744 ἕ
884 663 900 726 l
924 665 955 726 et
976 668 1053 728 extr.

249 795 301 874 23)
322 815 359 859 c.
383 794 462 872 XVI,
485 793 505 857 9
528 791 550 874 §⁸
571 794 597 856 1.

323 947 341 990 c
355 974 361 987 .

341 665 355 727 f

342 927 356 990 l

340 796 354 859 r

248 927 301 1006 m
385 926 577 1010 m.‚

247 1055 659 1140 mamamm

245 1149 941 1269 mumamafflmm'

246 1317 591 1400 mamam

245 1448 591 1533 rmfflmma

246 1583 299 1661 aa)
320 1583 358 1647 cf.
381 1581 454 1647 ibid.

245 1714 297 1792 30)
318 1715 357 1778 cf.
378 1712 452 1776 ibid.
471 1718 504 1776 et
524 1712 565 1776 ad
580 1711 647 1775 Att.
657 1709 719 1786 Vll,
740 1709 760 1773 8
783 1706 802 1789 ἕ
826 1709 888 1772 let
908 1709 938 1771 8.

247 1842 299 1924 31)
322 1843 385 1926 Ep.
408 1844 456 1907 ad
478 1843 664 1907 Tironem
686 1840 766 1917 XVI,
788 1840 818 1904 9.

245 1950 380 2033 Exponit
401 1949 511 2015 Cicero
542 1948 603 2014 bac
624 1969 674 2030 ep.
698 1946 824 2022 Tironi,
858 1952 1130 2028 quemadmodum
1160 1960 1229 2035 post
1259 1956 1323 2019 dis·

162 2054 283 2098 cessum
307 2035 365 2097 iter
387 2033 494 2096 lecerit
515 2033 695 2115 quibusque
717 2031 749 2093 in
771 2028 846 2093 locis
867 2049 994 2115 quoque
1015 2039 1157 2115 tempore
1178 2043 1323 2102 moratus

160 2118 209 2181 sit.
251 2116 342 2194 Quae
363 2116 480 2179 itineris
502 2114 671 2196 descriptio
691 2121 775 2177 oum·
787 2113 870 2176 ultra
887 2118 1171 2182 commorationem
1186 2120 1322 2184 Brundi-

160 2200 262 2264 sinam
291 2199 446 2282 perducta
476 2217 542 2261 non
568 2199 622 2273 sit,
649 2197 716 2259 iure
747 2194 821 2259 inde
844 2197 987 2261 concludi
1016 2204 1122 2280 potest
1153 2201 1321 2268 Brundisio

160 2284 243 2347 banc
269 2301 317 2364 ep.
339 2281 449 2344 datam
470 2299 547 2344 esse.
595 2278 689 2342 Venit
709 2276 819 2342 Cicero
852 2277 883 2341 in
918 2299 989 2344 eam
1017 2282 1130 2346 urbem
1152 2304 1181 2348 a.
1204 2284 1234 2349 d.
1258 2286 1319 2349 Vll.

160 2366 189 2430 k.
211 2365 303 2440 Deo.;
333 2363 448 2427 ibidem
479 2382 508 2426 a.
539 2362 569 2426 d.
591 2361 627 2425 V.
674 2357 797 2424 Tironis
823 2360 941 2425 litteras
969 2364 1108 2439 ‚tandem
1138 2367 1319 2449 aliquando‘

159 2448 289 2530 aceepit,
309 2446 341 2543 id
365 2446 451 2528 quod
474 2446 541 2527 ipse
562 2444 639 2508 dicit.
659 2441 778 2539 ind&
800 2443 841 2505 ad
862 2462 915 2506 eas
936 2444 1055 2541 litteras
1073 2447 1152 2543 haec
1162 2447 1321 2515 Ciceronis

158 2527 1225 2693 dimittisindidistisitibundi·
1246 2534 1321 2698 llll

159 2696 326 2761 lectionem
347 2697 475 2774 pararet
482 2716 492 2773 ,·
513 2697 560 2756 est
580 2693 714 2756 enimin
733 2688 800 2770 §Bt
824 2709 952 2772 ‚equum
975 2698 1006 2756 et
1029 2694 1151 2759 mulum
1163 2696 1319 2762 Brundisii

158 2780 216 2845 tibi
237 2777 368 2858 reliqui‘,
398 2775 430 2839 in
459 2775 573 2857 quibus
593 2774 696 2838 verbis
724 2774 799 2856 quin
823 2773 998 2854 perlectum
1028 2777 1158 2860 ‚reliqui‘
1180 2799 1219 2844 ex
1240 2789 1317 2846 noto

157 2864 210 2929 illo
244 2859 402 2942 epistolari
434 2877 549 2939 genere
586 2856 741 2919 scribendi
773 2856 995 2938 explicandum
1026 2861 1066 2924 sit
1100 2862 1235 2925 dubitari
1265 2865 1318 2929 vix

156 2948 269 3030 potest.
320 2941 427 3023 Atque
453 2960 481 3004 a.
511 2939 541 3002 d.
570 2938 618 3002 IV.
650 2939 711 3002 kal.
737 2938 809 3002 Dec.
839 2936 1022 3005 Ciceronem
1055 2943 1222 3008 Brundisio
1249 2966 1317 3010 esse

177 3029 333 3093 rofeotum
362 3023 439 3088 satis
468 3026 515 3086 est
544 3021 719 3086 verisimile.
769 3020 893 3084 Scimus
921 3023 1004 3085 enim
1037 3044 1075 3090 ex
1107 3046 1155 3108 ep.
1178 3029 1219 3091 ad
1249 3029 1317 3094 Att.

156 3052 222 3188 lul,
244 3110 263 3172 3
293 3105 311 3186 ὅ
338 3107 349 3170 1
384 3125 459 3170 eum
481 3105 681 3170 Aeculanum
703 3103 826 3167 venisse
847 3122 875 3166 a.
898 3104 928 3167 d.
952 3104 1027 3170 Vlll.
1051 3108 1201 3188 iubeo,
1228 3112 1316 3194 quod

157 3191 310 3274 oppidum
330 3207 350 3252 a
370 3188 538 3253 Brundisio
559 3188 650 3252 abest
669 3206 710 3250 m.
734 3207 764 3268 p.
788 3186 846 3249 186
856 3186 886 3249 “).
932 3187 1061 3255 Solebat
1078 3196 1186 3255 autem
1208 3192 1317 3258 Cicero

156 3278 189 3342 in
228 3271 389 3352 itineribus
422 3269 536 3336 Italicis
568 3271 679 3335 vicena
715 3268 765 3333 vel
799 3269 910 3333 vicena
944 3271 1044 3353 quina
1081 3275 1194 3338 cotidie
1229 3277 1315 3340 milia

198 3372 308 3421 ssnum
328 3353 538 3428 decurrerem
567 3353 608 3417 ad
637 3353 696 3415 iter
724 3351 818 3433 igitur
835 3351 1002 3418 Brundisio
1021 3355 1220 3421 Aeculanum
1241 3378 1317 3424 con-

154 3379 326 3509 lrdieudum
357 3440 429 3501 octo
450 3434 500 3500 vel
527 3454 643 3498 novem
669 3434 734 3498 dies
762 3455 842 3519 opus
867 3442 969 3501 erant.
1019 3438 1164 3515 Quodsi
1192 3441 1236 3505 ita
1257 3447 1315 3521 est,

154 3528 212 3593 ant
232 3543 261 3588 a.
285 3520 315 3583 d.
337 3518 386 3583 IV.
409 3527 467 3584 aut
485 3537 513 3582 a.
535 3518 565 3582 d.
586 3517 632 3581 lll.
655 3517 683 3580 k.
705 3517 779 3582 Deo.
802 3519 968 3583 Brundisio
989 3523 1147 3602 profectus
1167 3527 1224 3588 est.

160 3678 351 3692 m

221 3772 252 3836 a)
270 3765 489 3826 ec1tinerarium
499 3768 632 3823 Antonini
650 3768 771 3838 Augusti
789 3772 817 3825 el
834 3769 1116 3840 Hierosolymilonum
1133 3770 1174 3825 ed.
1191 3769 1314 3839 Parthey

101 3884 108 3899 .
156 3840 186 3895 ot
201 3837 309 3893 Pinder.
344 3836 434 3892 Borol.
455 3838 527 3892 1848.
546 3855 572 3907 p.
591 3840 634 3902 54,
652 3839 693 3892 55.

223 3907 251 3977 b)
266 3908 392 3963 (laterum
416 3923 478 3961 eam
496 3923 551 3974 qua
574 3905 674 3961 nobilis
695 3905 796 3974 aliquis
814 3906 895 3960 homo
913 3906 1053 3962 Romanus
1072 3907 1201 3963 utebatur
1218 3906 1314 3961 celeri·

154 3979 242 4032 intem
268 3993 323 4030 non
347 3992 406 4032 esso
431 3976 643 4045 comparandam
668 3993 730 4029 cum
747 3975 969 4042 tabellariorum,
995 3995 1076 4034 nemo
1101 3995 1156 4031 non
1175 3976 1260 4031 videt.
1279 3976 1313 4033 of.

154 4045 338 4110 rnednnuer,
357 4045 539 4115 Sittengesoh.
574 4045 637 4116 Lpa.
658 4045 732 4099 1864.
750 4063 776 4115 p.
797 4048 879 4110 10,11.
