2954 4874
39 2351 41 2356 ’
139 2367 269 2453 ,rupes

208 547 209 550 Ἴ
309 465 368 550 45)
389 468 428 532 ct.
445 467 519 532 ibid.
540 467 590 550 §I
606 473 638 533 et
659 470 688 534 3.

310 599 364 678 ld)
384 599 439 663 Est
459 599 525 664 dies
547 600 578 663 in
601 603 680 665 extr.
703 621 751 684 ep.

308 728 362 811 47)
384 730 521 794 Excusat
549 748 583 793 se
603 729 712 797 Cicero
743 734 807 815 (ep.
829 733 872 797 ad
894 733 969 797 Iam.
992 733 1028 811 V,
1050 735 1104 808 20)
1127 735 1397 814 MescinioRqu,

229 813 391 898 quaestori
413 831 489 890 suo,
518 815 663 895 querenti
685 835 743 897 per
762 816 897 892 litteras,
922 816 1008 898 quod
1039 816 1171 882 celerius
1192 819 1332 884 rationes
1352 819 1397 884 ad

229 896 388 962 aerarium
409 895 572 959 detulisset
592 895 624 978 (fi
647 897 690 973 I).
727 897 871 980 Apparet
893 898 989 978 igitur
1011 896 1210 979 Ciceronem,
1240 901 1397 985 quonlam

228 981 367 1044 rabones
388 979 450 1042 iam
471 979 504 1041 in
524 978 648 1042 aerario
668 979 825 1062 deposuit,
847 978 889 1045 ud
910 980 1022 1044 urbem
1040 1001 1058 1045 e
1079 983 1241 1064 provincIa
1260 984 1397 1048 venisse.

228 1064 334 1145 Atque
341 1080 407 1144 quo
414 1064 557 1142 tempore
569 1062 702 1143 epIstula
712 1063 892 1144 conscripta
900 1066 958 1140 est,
970 1082 1046 1127 cum
1059 1064 1100 1128 ad
1107 1065 1219 1130 urbem
1226 1066 1398 1131 etiamtum

227 1146 323 1210 tuisse
354 1144 468 1209 docent
495 1143 595 1208 verba
623 1142 699 1225 §92
740 1164 810 1226 ,ego
840 1148 949 1210 tamen
979 1165 1053 1210 cum
1085 1145 1206 1214 Tullius
1235 1148 1398 1231 (libertus)

227 1246 324 1294 rure
344 1225 487 1299 redierit,
516 1226 642 1290 mittam
673 1246 744 1291 eurn
777 1226 818 1292 ad
843 1230 893 1292 te‘
944 1227 1095 1311 Sequitur
1116 1234 1152 1295 ut
1172 1250 1221 1313 ep.
1243 1231 1326 1296 inter
1346 1250 1398 1315 pr.

228 1331 303 1376 non.
326 1309 395 1374 Ian.
412 1312 445 1373 et
473 1307 552 1372 XIV.
575 1309 637 1373 kal.
659 1308 750 1373 Febr.
773 1308 912 1392 (4.-17.
934 1309 1019 1389 Ian.)
1041 1310 1118 1377 data
1148 1313 1204 1389 sit3
1232 1332 1288 1396 per
1318 1314 1399 1380 illud

226 1395 314 1458 enim
335 1391 486 1474 temporis
506 1392 644 1473 spatium
667 1390 777 1457 CIcero
799 1392 840 1457 ad
863 1392 976 1457 urbem
997 1399 1215 1460 commoratus
1234 1399 1291 1460 est.

309 1523 363 1606 48)
395 1523 508 1589 Scribit
533 1522 642 1589 Cicero
671 1526 703 1590 in
738 1525 855 1590 e.ad
884 1522 1037 1589 Tironem
1065 1525 1153 1603 XVI,
1184 1526 1221 1590 m
1259 1529 1399 1591 exeunte

228 1608 377 1704 Ianuario
399 1607 632 1704 datat‘Itaque
661 1627 733 1673 cum
756 1545 873 1674 Caesar
901 1607 1041 1672 amentia
1062 1608 1204 1704 quadarn
1230 1612 1400 1695 raperetur

229 1696 261 1755 et
281 1690 396 1756 oblitus
418 1708 557 1753 nominis
578 1693 676 1772 atque
694 1691 854 1755 bonorum
873 1709 1004 1754 suorum
1018 1691 1199 1755 Ariminum
1215 1688 1396 1770 Pisaurum,

229 1776 396 1839 Anconam
425 1771 587 1836 Arretium
614 1775 847 1856 occupavisset,
880 1773 993 1837 urbem
1022 1772 1225 1855 reliquimus‘.
1276 1773 1398 1839 Nuntio

228 1857 323 1938 igitur
344 1855 385 1919 de
405 1855 513 1937 primis
529 1854 674 1920 Caesaris
696 1856 790 1921 rebus
811 1857 905 1938 gestis
928 1854 1023 1919 allato
1043 1854 1230 1937 Pompeiani
1249 1854 1293 1920 ab
1315 1855 1399 1922 urbe

228 1941 450 2004 discesserunt.
501 1937 596 2016 Quod
626 1941 759 2021 quando
788 1939 909 2003 factum
938 1937 979 2001 sit
1006 1957 1046 2002 ex
1067 1935 1228 2002 Ciceronis
1255 1939 1398 2021 epistulis

229 2020 375 2088 concludi
395 2023 510 2102 potest.
551 2021 679 2102 Legitur
698 2022 782 2086 enirn
805 2021 838 2084 in
855 2039 904 2103 ep.
923 2021 965 2084 ad
984 2021 1049 2085 Au.
1069 2019 1121 2098 IX,
1139 2021 1189 2098 10,
1214 2019 1233 2103 5
1253 2021 1287 2085 4:
1317 2025 1400 2098 ,erat

229 2105 325 2187 igitur
348 2103 382 2167 in
409 2122 462 2180 ea,
494 2122 591 2186 quam
619 2103 658 2168 X.
686 2103 749 2168 kal.
770 2103 862 2168 Febr.
892 2102 1041 2178 dederas,
1076 2101 1137 2166 hoc
1166 2103 1280 2167 modo:
1318 2105 1400 2171 »scd

229 2188 394 2252 videamus
415 2232 422 2248 .
445 2233 452 2248 .
473 2208 501 2250 ,s
531 2186 593 2251 hoc
614 2187 725 2251 scribis
746 2191 820 2269 post
849 2186 933 2250 diem
955 2189 1107 2267 quartum
1130 2204 1231 2269 quarn
1251 2185 1295 2250 ab
1315 2187 1400 2253 urbe

230 2268 447 2336 discessimus!
477 2268 554 2333 Erat
574 2269 669 2350 igitur
690 2268 728 2333 X.
738 2270 768 2333 k.
777 2269 868 2335 Febr.
885 2268 952 2332 dies
969 2271 1102 2350 quartus
1118 2272 1191 2349 post
1213 2267 1400 2349 discessum,

282 2370 354 2500 bquo
375 2350 510 2448 ellicilur
530 2352 632 2433 ipsum
654 2350 819 2449 Ciceronis
838 2350 1198 2495 disieffiumssadffelfiss
1220 2369 1249 2415 a.
1268 2351 1299 2447 d:
1315 2351 1399 2445 XIII

230 2433 1187 2613 lenitoImeuftbmuumlutl&tut
1200 2436 1401 2612 {lutus}

230 2602 382 2698 Pompeio
403 2597 513 2696 Cicero
534 2599 575 2662 ab
592 2600 670 2694 urbe
686 2600 845 2694 profectus
864 2602 903 2662 sit
924 2617 1035 2694 necne.
1073 2598 1180 2680 Atque
1202 2618 1240 2694 ex
1262 2599 1401 2696 epistula

232 2682 487 2846 aeffieqimgug
500 2679 884 2846 gquqrglilqqulrgffiqlrlrse
896 2679 1400 2845 ggssripsufflapgggpffitenmmriglsla

254 2849 357 2925 uisse,
390 2846 465 2911 dicit
494 2865 580 2910 enim
609 2844 734 2911 Cloero:
768 2847 874 2928 ,idque
898 2849 1022 2922 tecum,
1057 2863 1122 2927 quo
1160 2845 1210 2910 die
1242 2847 1285 2911 ab
1317 2846 1397 2911 urbe

232 2871 447 3005 discessimus,
478 2929 601 2992 locutus
622 2931 712 2992 sum‘.
762 2929 887 2994 Tamen
907 2928 997 2992 aliter
1018 2946 1085 2992 rem
1108 2946 1141 2991 se
1163 2927 1283 2993 habere
1305 2928 1396 2995 Iacile
1426 3002 1432 3010 ,

231 3011 443 3080 demonstrari
472 3014 584 3094 potest.
633 3011 715 3075 Num
744 3011 854 3076 Cicero
883 3011 952 3092 ipso
979 3009 1031 3073 illo
1061 3009 1111 3073 die
1140 3028 1205 3092 quo
1235 3012 1399 3092 profectus

231 3100 280 3164 est
301 3095 388 3159 dedit
408 3092 451 3159 ad
472 3095 616 3158 Atticum
637 3113 685 3176 ep.
708 3092 778 3173 Vll,
804 3094 858 3171 10,
887 3113 927 3158 ex
956 3111 1020 3174 qua
1043 3094 1260 3173 cognoscitur,
1292 3094 1399 3178 ipsum
1456 3131 1461 3137 ·

231 3179 333 3246 multo
360 3196 455 3241 mane
486 3179 661 3259 antequam
688 3176 806 3242 luceret
827 3177 942 3253 exisse,
973 3174 1137 3239 consilium
1164 3179 1273 3240 autem
1302 3176 1400 3243 relin-

232 3260 380 3346 quendae
398 3258 485 3324 urbis
505 3262 601 3324 antea
621 3259 685 3323 iam
703 3279 726 3326 a
740 3258 943 3342 Pompeianis
957 3261 1086 3341 captum
1105 3276 1182 3336 esse,
1204 3277 1310 3343 neque
1330 3259 1399 3325 iam

230 3343 418 3426 Pompeium
440 3360 508 3405 esse
529 3359 600 3406 cum
622 3341 699 3423 ipso.
742 3342 873 3407 Accedit
894 3340 980 3424 quod
999 3341 1031 3404 in
1053 3338 1163 3422 epod
1185 3341 1253 3406 Au„
1277 3338 1332 3420 IX,
1357 3343 1400 3408 10

228 3428 285 3576 {A
313 3425 422 3491 Cicero
457 3424 501 3488 sic
530 3424 570 3488 de
599 3423 751 3508 Pompeio
779 3424 902 3490 scribit:
934 3423 1007 3502 ,ridi
1035 3420 1197 3487 hominem
1221 3421 1302 3489 XIV.
1332 3423 1399 3491 kal.

254 3509 334 3586 ebn,
355 3507 486 3591 plenum
507 3505 699 3571 formidinis:
722 3508 774 3573 illo
796 3504 865 3591 ipso
885 3507 935 3571 dle
955 3505 1037 3570 sensi
1059 3504 1135 3587 quid
1154 3510 1278 3589 ageret,
1300 3524 1400 3572 num·

232 3610 332 3676 quam
359 3589 439 3654 mihi
466 3592 574 3671 postea
601 3589 721 3671 placuit
751 3608 810 3655 nec
835 3607 990 3672 umquam
1011 3587 1098 3652 aliud
1120 3606 1160 3668 ex
1180 3588 1242 3653 alio
1264 3606 1400 3674 peccare

232 3673 369 3750 destitil;
391 3671 466 3736 nihil
490 3672 613 3737 iuterIm
635 3673 678 3737 ad
700 3692 751 3737 me
767 3672 910 3750 scribere,
932 3668 1010 3734 nihil
1031 3669 1090 3734 nisi
1109 3670 1217 3823 luzam
1233 3671 1400 3753 eogitara‘

232 3756 388 3840 liquibus
402 3755 505 3819 verbis
525 3775 567 3837 ap
591 3759 657 3820 aret
665 3754 850 3819 Ciceronem
867 3754 1016 3819 ultimum
1037 3752 1149 3819 cumP
1171 3754 1276 3836 mpeio
1297 3755 1400 3822 collo·

235 3844 345 3909 cutum
367 3857 434 3904 esse
455 3857 485 3903 a.
505 3837 536 3902 d.
556 3775 637 3903 lIlV.
654 3838 684 3901 k.
697 3837 787 3901 Febr.
825 3835 916 3915 Quae
938 3837 1045 3900 omnia
1064 3835 1089 3898 si
1109 3839 1193 3900 recte
1214 3836 1399 3904 considera-

233 3943 314 4001 mus,
336 3921 380 3986 ita
400 3941 450 3986 res
470 3920 640 3986 cohaerere
661 3920 803 3985 ridetur:
825 3918 886 3985 ad.
900 3917 980 3983 XIV.
989 3919 1019 3983 k.
1033 3917 1123 3983 Febr.
1145 3917 1200 3998 (=
1219 3918 1268 3984 17.
1281 3904 1452 4004 &habiit-

233 4004 352 4073 nuntiis
380 4003 437 4068 illis
462 4003 501 4068 de
523 4002 658 4068 Caesare
679 4002 799 4080 allatis,
826 4021 847 4066 a
867 4001 1020 4084 Pompeio
1038 3998 1301 4148 senatoribusque
1319 4021 1402 4070 con·

232 4089 338 4159 silium
371 4087 599 4170 relinquendae
632 4086 719 4152 urbis
748 4087 879 4168 captum
907 4088 970 4160 est3
1010 4083 1077 4166 ipse
1104 4080 1213 4149 Cicero
1266 4087 1399 4169 ompeio
