2954 4874
720 275 762 341 49

153 475 170 520 r
211 459 255 536 at,
277 475 319 521 nc
339 455 445 521 bieme
466 455 548 520 mari
568 476 601 520 se
618 456 807 534 committat,
828 474 859 521 6.
879 456 911 520 d.
933 455 983 521 IV.
999 457 1060 522 kal.
1077 456 1168 522 Febr.
1184 458 1319 542 epistula

154 537 416 687 ,116616ξῖἳοῖοὲ
438 539 468 603 6.
516 537 636 604 Eodem
667 539 731 604 fere
761 542 902 622 tempore
932 539 1013 604 haec
1042 559 1092 622 ep.
1112 541 1231 624 scripta
1251 561 1319 606 esse

237 758 291 841 63)
313 758 358 824 61..
372 757 416 822 ad
435 758 502 823 Att.
520 758 585 838 Vll,
606 760 643 824 16
666 758 723 842 61
743 766 822 826 extr.

237 897 291 980 64)
313 897 386 976 Quo
416 895 467 959 die
493 895 525 958 in
546 894 754 961 Formianum
783 897 977 979 pervenerit,
1010 896 1125 962 diserte
1145 917 1211 962 non
1234 899 1318 964 dicit.

156 980 220 1046 Sed
249 984 335 1046 certe
363 996 428 1045 non
449 977 520 1060 plus
541 977 622 1043 duos
644 979 710 1044 dies
731 980 762 1044 in
780 980 891 1045 itinere
911 979 985 1055 iuit;
1017 999 1094 1044 nam
1115 982 1266 1063 quoniam
1289 1002 1318 1048 a.

155 1065 187 1128 d.
206 1064 254 1129 III.
276 1063 338 1129 kal.
360 1059 451 1127 Febr.
473 1059 586 1143 Capua
613 1063 771 1143 profectus
793 1067 854 1140 est,
878 1082 950 1127 cum
978 1062 1070 1126 nonis
1093 1062 1184 1127 Febr.
1205 1064 1317 1130 iterum

156 1145 302 1230 Capuam
322 1144 431 1210 venire
452 1143 556 1207 iussus
576 1147 659 1208 esset
679 1144 735 1226 (ct.
758 1146 825 1224 Vll,
852 1146 889 1210 16
907 1145 926 1228 6
947 1145 990 1225 1),
1011 1145 1078 1209 sine
1098 1145 1196 1210 dubio
1218 1167 1318 1229 quam

155 1230 317 1294 celerrime
330 1229 363 1293 in
384 1226 552 1309 praedium
568 1246 662 1291 suum
680 1228 737 1292 iter
757 1229 839 1307 lecit,
860 1247 901 1292 ne
923 1231 993 1310 post
1014 1227 1187 1293 adventurn
1209 1231 1316 1294 statim

154 1313 257 1377 redire
277 1312 452 1393 cogeretur.
492 1308 576 1388 (Fuit
598 1310 691 1374 etiam
715 1316 837 1392 postea,
859 1331 932 1375 cum
950 1309 1096 1393 Capuam
1115 1312 1216 1390 rediit,
1239 1313 1319 1378 duos

155 1395 222 1460 dies
247 1395 280 1459 in
301 1395 428 1458 itinere:
458 1409 487 1455 a.
509 1392 539 1456 d.
561 1390 610 1455 111.
632 1412 708 1457 non.
729 1413 768 1458 ex
788 1393 957 1459 Formiano
984 1393 1142 1475 proiectus
1170 1415 1216 1477 pr.
1239 1415 1315 1461 non.
1382 1434 1386 1444 ·

155 1476 301 1562 Capuam
322 1472 489 1560 pervenit).

211 1605 596 1691 ‘maumas

89 1812 92 1817 ,
235 1743 291 1824 66)
313 1742 350 1808 61.
372 1742 440 1821 vll,
464 1742 503 1806 18
525 1739 544 1822 6
569 1742 595 1806 1.
637 1741 848 1825 Pomponiam
867 1762 1012 1826 quoque,
1042 1743 1152 1822 Quinti
1175 1764 1317 1823 uxorem,

156 1827 252 1892 luisse
278 1827 361 1891 inter
397 1824 544 1890 mulieres
576 1844 596 1888 6
628 1823 778 1889 Cicerone
813 1825 1005 1907 significatas
1037 1846 1076 1891 ex
1103 1847 1142 1891 eo
1173 1828 1318 1894 concludi

199 1912 270 1988 test,
291 1908 378 1991 quod
397 1907 429 1972 in
451 1926 498 1989 ep.
516 1906 579 1985 Vll,
595 1907 634 1971 14
649 1907 703 1989 63
724 1907 845 1990 legitur.
876 1907 982 1986 Quam
1004 1928 1082 1974 uam
1103 1929 1168 1974 non
1188 1930 1317 1993 prorsus

178 1996 285 2058 coest
307 1994 446 2067 certum,
475 1989 552 2073 quia
579 1991 611 2054 in
633 2010 681 2072 ep.
706 1990 768 2069 Vll,
793 1992 830 2055 16
852 1989 871 2072 6
893 1990 912 2055 3
931 1990 972 2055 de
1021 1992 1141 2057 arentia
1163 1998 1194 2057 et
1214 1993 1317 2060 Tullia

156 2079 285 2141 tantum
307 2076 357 2139 est
378 2091 492 2138 sermo.

237 2196 736 2284 mummmwnm
858 2196 861 2206 ·

234 2329 585 2419 mmmmm

236 2459 291 2535 69)
306 2458 363 2523 Est
388 2457 421 2521 in
449 2475 498 2602 ep.
519 2453 590 2533 vll,
609 2451 689 2534 106
713 2454 747 2518 1:
778 2453 932 2538 ,Capuam
961 2455 1044 2552 veni·
1063 2457 1163 2538 pridie
1193 2459 1316 2521 nonas‘

116 2553 122 2563 '
155 2541 228 2626 §tt
256 2560 325 2623 ‚ego
355 2541 382 2605 si
404 2539 458 2685 pai
503 2537 554 2602 bic
578 2536 701 2601 hodie
723 2538 798 2601 novi
818 2557 972 2620 cognoro,
1002 2557 1095 2615 scres3
1125 2540 1189 2604 iam
1211 2540 1315 2604 enim

154 2625 293 2690 aderunt
309 2641 454 2688 consuas
474 2620 516 2685 ad
539 2638 615 2684 suas
638 2623 782 2685 nonas!
826 2620 907 2686 Illud
938 2621 1062 2699 ,hodie‘,
1098 2625 1134 2686 ut
1160 2621 1316 2704 particula

157 2707 262 2787 ‚enim‘
291 2705 459 2788 significat,
495 2703 632 2786 pertinet
659 2701 701 2766 ad
729 2721 840 2767 nonas.
892 2703 983 2786 ¹Ergo
1018 2703 1094 2769 data
1128 2724 1203 2768 non.
1225 2704 1316 2769 Febr.

154 2789 276 2874 Capua.
318 2789 365 2854 De
384 2786 525 2852 adventu
546 2784 671 2849 Lentuli
690 2784 728 2850 61.
749 2784 810 2862 Vll,
831 2784 868 2850 11
892 2783 956 2868 61.

237 2926 291 3007 70)
312 2925 350 2990 ci.
373 2923 416 2990 ad
437 2923 503 2988 Att.
519 2920 595 2998 vill,
616 2920 636 2986 1
658 2919 677 3003 6
701 2922 734 2985 1;
755 2941 824 3003 ‚ego
846 2922 888 2986 ad
898 2920 1067 2986 Caesarem
1090 2934 1170 2987 unas
1184 2921 1315 3006 Capua

152 3012 272 3076 litteras
293 3008 376 3086 dedi,
396 3005 512 3090 quibus
534 3004 576 3068 ad
599 3023 638 3069 ea
658 3005 813 3087 rescripsi,
834 3023 918 3086 quae
941 3023 1068 3069 mecum
1091 3005 1142 3069 ille
1156 3005 1196 3070 de
1214 3005 1315 3087 gladi·

153 3093 296 3160 atoribus
326 3092 392 3155 suis
417 3089 546 3186 egerat.⁸
597 3085 741 3152 Caesaris
773 3087 907 3169 epistula
934 3088 976 3152 ad
1003 3085 1185 3152 Ciceronem
1219 3089 1315 3152 missa

154 3176 425 3242 commemoratur
440 3191 472 3235 m
495 3191 512 3235 e
536 3217 544 3235 .
565 3169 617 3234 ad.
637 3170 704 3234 Att.
724 3168 787 3247 Vll,
808 3169 845 3233 11
871 3168 890 3252 6
913 3170 947 3246 3;
970 3170 1010 3235 13
1029 3167 1047 3252 6
1068 3171 1097 3235 3.
1147 3170 1192 3234 De
1215 3171 1315 3252 gladi·

152 3258 295 3325 atoribus
315 3255 354 3321 cl.
375 3254 438 3333 Vll,
457 3191 534 3335 146

236 3383 539 3468 mmmmm.

234 3516 539 3601 mmmmm

235 3651 288 3734 73)
309 3653 348 3718 cl.
371 3651 435 3730 Vll,
454 3652 491 3716 11
515 3652 533 3735 6
558 3656 585 3719 1.
628 3653 748 3719 Eodem
769 3654 819 3719 die
836 3654 1020 3720 Ciceronem
1034 3653 1162 3721 Calibus
1182 3657 1214 3722 in
1235 3657 1311 3725 For-

153 3737 296 3804 mianum
326 3755 360 3800 se
388 3735 557 3801 contulisse
581 3738 656 3801 inde
675 3741 823 3820 apparet,
854 3739 941 3820 quod
962 3759 1009 3822 ep.
1033 3739 1102 3818 Vll,
1132 3740 1173 3805 11
1195 3761 1310 3808 mane

152 3819 302 3904 postridie
322 3838 362 3884 ex
382 3817 552 3883 Formiano
574 3821 669 3886 missa
690 3823 747 3886 est.

551 3252 580 3316 1.
621 3252 687 3316 Ν66
708 3249 853 3316 Caesaris
874 3272 932 3318 nec
954 3250 1112 3318 Ciceronis
1130 3273 1179 3336 ep.
1201 3258 1312 3318 exstat.

211 3952 288 4051 ,74)
309 3952 344 4050 In
364 3952 571 4050 Formianum
592 3953 916 4052 Ciceronemredisse
936 3958 1071 4053 apparet
1092 3971 1131 4020 ex
1152 3975 1200 4033 eo,
1222 3958 1309 4054 quod

151 4037 260 4104 Attico
280 4034 388 4101 scnbrt
408 4035 639 4119 (1611616
660 4036 849 4117 ,Terentiam
871 4035 1003 4102 habebas
1019 4037 1141 4119 ldlbus,‘
1163 4039 1310 4107 muheres
