2954 4874
719 196 882 305 ae'

155 419 201 483 esi
228 417 416 500 Pompeium
447 419 490 482 ad
512 418 696 484 Ciceronem
723 420 756 482 in
780 418 999 484 Trebulanum
1027 415 1166 489 venisse3
1197 411 1319 478 facilius

154 500 320 565 credemus
339 499 524 566 Ciceronem
545 501 589 564 illi
610 502 740 565 obvium
762 501 857 566 fnisse
869 500 976 646 Appia
993 499 1045 563 via
1062 501 1119 564 aut
1138 497 1169 561 in
1187 494 1319 576 Pompei

153 583 283 666 aliquod
313 573 483 728 grandium
506 582 708 665 Campanum
740 603 774 647 se
806 587 903 649 contu
916 585 985 647 isse.
1007 617 1046 631 -
1074 580 1215 645 Omnino
1244 576 1319 641 inde

153 665 197 731 ab
214 685 244 730 a.
257 665 314 729 d.l
342 713 349 729 .
368 664 492 731 id.'Dec.
515 686 553 731 us
576 686 617 730 ue
639 666 682 730 ad
701 686 730 730 a.
743 666 774 730 d.
787 665 1000 730 Vllkallau.
1017 658 1319 744 (=10.-al.1)ec.)

154 749 359 831 ubiquaque
383 752 527 830 tempore
547 681 657 814 dicero
687 749 779 812 fuerit
809 767 873 813 non
895 751 1030 813 constat.
1072 746 1110 810 A.
1132 745 1162 810 d.
1186 743 1233 806 Vl.
1256 741 1319 806 kal.

154 831 220 896 tan.
245 832 305 910 (a
327 829 377 894 25.
400 830 492 908 Dec.)
512 850 576 896 nna
598 851 672 896 cum
688 831 860 912 Pompeio,
889 849 1029 913 quocum
1059 826 1235 924 iterumad
1257 825 1318 889 La-

154 912 298 978 vernium
319 931 506 994 congressus
527 917 612 990 erat,
642 914 784 978 Formias
804 913 902 978 venit.
943 911 1113 992 Pompeius
1140 911 1233 992 igitur
1262 927 1320 991 per

154 995 216 1061 boc
240 999 367 1078 tempus
393 995 426 1059 in
448 995 624 1078 Campania
652 1000 868 1061 commoratus
907 1014 975 1059 esse
1011 994 1151 1071 videtur,
1185 993 1319 1057 tortasse

154 1077 306 1160 Neapoli,
331 1078 386 1142 ubi
416 1078 504 1142 baud
556 1080 631 1143 aulo
649 1080 714 1143 iam
736 1084 812 1143 ante
832 1098 905 1144 eum
926 1077 1020 1142 inisse
1042 1075 1189 1157 cognosci
1216 1076 1320 1156 potest

155 1181 194 1225 ex
216 1180 265 1242 ep.
288 1160 358 1237 Vll,
380 1161 399 1224 l
421 1159 440 1242 ξ
460 1162 496 1236 5;
550 1161 705 1225 iceronem
734 1164 843 1226 autem
873 1159 1131 1224 verisimillimum
1163 1161 1211 1222 est
1236 1156 1319 1220 circa

155 1242 277 1308 villulas
298 1247 330 1308 et
351 1261 426 1308 suas
449 1247 480 1308 et
502 1245 677 1308 amicorum
698 1263 820 1308 errasse
842 1243 875 1307 in
893 1241 1071 1324 Campania
1095 1242 1187 1315 sitas3
1215 1256 1320 1321 neque

155 1325 346 1472 εηἪτίιιε
362 1344 459 1409 quam
477 1345 506 1391 a.
523 1327 553 1395 d.
569 1325 616 1391 lll.
628 1345 703 1391 non.
715 1326 784 1397 lan.
802 1325 844 1392 ad
860 1325 973 1394 urbem
990 1324 1140 1390 accedere
1155 1324 1320 1398 statuerat,

155 1399 193 1474 ci.
271 1406 326 1488 ‚4,
349 1406 368 1491 ἐ
391 1406 411 1476 3
432 1412 511 1475 extr.

238 1540 295 1623 36]
321 1541 495 1625 Epistulam
517 1541 588 1619 Vll,
617 1541 640 1605 4
668 1545 740 1624 post
766 1561 795 1606 a.
819 1543 848 1606 d.
875 1541 925 1605 IV.
948 1543 989 1606 id.
1016 1542 1089 1606 Dec.
1114 1541 1224 1606 datam
1253 1556 1321 1602 esse

156 1628 293 1710 apparet
313 1642 352 1689 ex
372 1623 391 1706 5
413 1625 449 1688 t:
478 1623 568 1701 ,Pom
612 1625 676 1688 ium
697 1623 761 1688 vidi
781 1625 832 1689 IV.
854 1624 895 1689 id.
916 1625 1001 1691 Dec.‘
1045 1624 1131 1689 Tulit
1153 1643 1224 1688 eam
1247 1621 1321 1685 Dio·

158 1709 277 1790 nysius
295 1707 392 1771 Attici
412 1705 542 1771 libertus
566 1644 610 1789 dg
625 1705 677 1789 1);
700 1726 794 1790 quem
817 1707 956 1772 Romam
978 1728 1007 1773 a.
1030 1707 1059 1771 d.
1080 1706 1147 1771 XV.
1168 1705 1235 1802 kal..
1251 1703 1319 1799 lan.
1398 1738 1401 1743 «

157 1788 337 1873 pervenisse
365 1788 499 1870 legimus
525 1789 557 1853 in
586 1809 635 1872 ep.
658 1789 699 1854 ad
722 1790 788 1854 An.
805 1789 874 1867 Vll,
896 1791 914 1854 7
937 1789 954 1872 ᾗ
977 1793 1004 1854 1.
1052 1790 1104 1871 Ap
1127 1791 1195 1852 aret
1227 1787 1321 1867 igitur

158 1872 270 1937 datam
300 1889 368 1936 esse
392 1869 565 1952 'epistulam
590 1872 672 1936 inter
693 1890 722 1936 a.
745 1872 775 1936 d.
798 1872 847 1939 lV.
871 1872 912 1936 id.
932 1873 1006 1937 Dec.
1029 1875 1060 1937 et
1141 1870 1230 1934 .kal.
1252 1868 1321 1933 lan.

159 1953 221 2038 (ι’
243 1953 383 2018 10.-16.
402 1952 503 2032 Dec).
550 1953 643 2018 Unde
657 1974 734 2018 vero
756 1953 866 2020 Cicero
886 1975 958 2019 earn
980 1955 1116 2032 miserit,
1146 1952 1320 2025 nescimus;

156 2055 232 2102 nam
255 2037 311 2101 etsi
333 2035 365 2099 in
386 2035 531 2118 proxima
554 2056 608 2118 ep.
630 2036 708 2114 (Vll,
729 2038 749 2100 5
772 2036 791 2119 9
815 2038 847 2116 3)
869 2039 992 2101 scribit:
1022 2039 1072 2114 ,de
1094 2037 1203 2101 ceteris
1226 2033 1320 2099 rebus
1382 2047 1385 2054 ¹

156 2119 256 2184 habes
286 2118 480 2200 Dionysium.
515 2138 654 2183 sororem
688 2123 776 2183 tuam
806 2139 870 2184 non
898 2122 1021 2184 venisse
1050 2121 1083 2183 in
1115 2121 1319 2211 Arcanum

155 2203 270 2279 miror‘,
291 2204 327 2265 ut
346 2200 435 2266 facile
457 2201 600 2265 conicere
621 2203 722 2283 possis
735 2200 918 2267 Ciceronem
937 2221 1010 2266 cum
1028 2221 1100 2266 eam
1123 2202 1271 2266 scriberet
1286 2217 1318 2261 m

157 2285 285 2350 Arcano
306 2283 414 2360 fuisso,
443 2285 552 2347 tamen
572 2303 636 2366 quo
668 2290 813 2367 tempore
834 2285 906 2349 illuc
926 2286 1048 2351 venerit
1069 2285 1249 2366 ignoratum
1281 2298 1320 2344 ac

157 2385 198 2431 ne
223 2365 299 2431 illud
321 2366 450 2448 quidem
472 2369 612 2443 certum,
642 2369 751 2430 utrum
777 2369 845 2448 ipse
866 2366 976 2432 Cicero
1006 2369 1037 2431 in
1060 2367 1187 2432 Arcano
1216 2364 1319 2440 inerit,

157 2468 199 2513 an
227 2449 376 2513 nuntium
405 2446 492 2511 illum
524 2448 564 2512 de
585 2468 692 2512 sorore
711 2450 821 2528 Attici,
853 2448 960 2528 Quinti
994 2451 1096 2514 tratris
1117 2467 1228 2524 uxore,
1258 2446 1320 2510 alio

157 2530 263 2614 aliquo
291 2531 363 2595 loco
390 2533 555 2612 acceperit.
611 2531 674 2595 Sed
710 2536 783 2596 utut
816 2552 866 2596 res
894 2552 928 2596 se
960 2533 1071 2609 habet,
1098 2536 1182 2596 certe
1210 2528 1318 2594 Cicero

156 2614 241 2679 circa
267 2612 328 2677 boc
362 2617 487 2694 tempus
516 2614 547 2677 in
576 2614 612 2677 iis
643 2614 719 2678 locis
748 2620 964 2680 commoratus
987 2620 1034 2679 est
1055 2614 1106 2692 (cl.
1128 2615 1170 2679 ad
1191 2613 1257 2692 35),
1281 2630 1320 2674 ex

180 2695 275 2759 uibus
291 2694 396 2759 triduo
408 2695 457 2758 vel
472 2696 651 2778 quadriduo
665 2697 803 2762 Romam
825 2699 978 2779 epistulae
1000 2695 1128 2780 perferri
1143 2696 1319 2761 solebant⁸t

157 2717 257 2844 decre
275 2777 368 2859 igitur
381 2776 565 2842 Schuetzius
589 2777 671 2843 hanc
693 2798 744 2862 ep.
760 2781 841 2845 circa
863 2781 932 2844 idus
946 2781 1019 2846 Dec.
1035 2780 1104 2844 vult
1117 2779 1226 2844 datam
1243 2797 1319 2843 esse.

240 2907 493 2992 abripientem
514 2909 582 2987 Vll,
609 2911 629 2974 6
650 2912 762 2977 codem
785 2913 849 2978 lere
871 2918 1013 2996 tempore
1035 2913 1145 2978 datam
1166 2931 1234 2976 esse
1256 2930 1321 2993 quo

159 2989 229 3071 Vll,
249 2993 268 3056 5
289 2991 380 3057 facile
402 2999 536 3075 apparet
552 3013 595 3057 ex
616 2994 817 3060 similitudine
839 2997 1034 3076 argumentir
1066 3016 1141 3060 nam
1173 3015 1210 3060 ea
1238 3013 1321 3076 quae

158 3077 192 3139 in
211 3094 259 3156 ep.
280 3076 301 3139 5
322 3073 361 3157 ἐξ
381 3072 403 3139 4
423 3079 454 3139 et
476 3078 495 3138 5
518 3076 557 3139 de
579 3096 612 3138 re
634 3077 761 3158 publica
783 3078 932 3158 legimns,
962 3082 1087 3143 tantum
1116 3097 1183 3142 non
1211 3077 1321 3141 iisdem

160 3156 262 3221 verbis
298 3158 331 3220 in
367 3157 509 3223 breviore
545 3178 594 3241 ep.
621 3159 641 3222 6
674 3164 872 3242 repetuntur.
934 3161 1106 3226 Verisimile
1142 3161 1234 3241 igitur
1273 3163 1321 3224 est

161 3237 342 3305 Ciceronem
365 3240 496 3305 alteram
525 3242 636 3304 eodem
655 3240 706 3305 die
728 3243 908 3307 dandarum
930 3243 1105 3308 litterarum
1123 3243 1320 3307 occasionem

158 3321 310 3404 adeptum
360 3321 472 3387 eadem
506 3323 640 3388 scribere
672 3343 770 3405 quam
816 3345 880 3389 non
928 3328 973 3391 uti
1009 3327 1174 3391 occasione
1213 3325 1322 3390 oblata

159 3403 323 3475 maluisser
367 3408 400 3468 at
424 3423 465 3469 ue
498 3405 541 3469 ita
577 3405 641 3469 iere
677 3425 745 3471 rem
782 3427 815 3472 se
851 3408 970 3474 babere
1001 3410 1068 3491 ipse
1097 3407 1207 3474 Cicero
1235 3408 1323 3473 testis

159 3491 222 3564 est3
245 3486 284 3550 ci.
303 3483 372 3582 gl:
394 3424 502 3563 ,diane
524 3489 611 3552 deest
629 3489 716 3570 quod
737 3489 778 3554 ad
799 3495 830 3554 te
851 3492 988 3557 scribam
1081 3495 1208 3555 tantum
1230 3491 1323 3572 igitur

158 3573 302 3636 nostrum
324 3568 400 3632 illud
420 3570 570 3635 sollemne
592 3590 764 3651 servemus,
786 3577 821 3637 nt
842 3593 882 3639 ne
926 3593 1000 3640 uem
1015 3575 1096 3639 istuc
1111 3577 1242 3638 euntem
1257 3573 1323 3637 sine

159 3650 269 3719 litteris
283 3651 510 3748 dimittamus!
561 3651 668 3731 Quare
689 3659 746 3720 aut
768 3656 879 3720 eodem
902 3595 952 3722 die
973 3676 1038 3740 quo
1059 3676 1108 3740 ep.
1131 3656 1194 3734 Vll,
1211 3657 1249 3734 5,
1266 3659 1339 3739 aur,

160 3733 311 3817 postridie
341 3733 418 3797 nubi
443 3753 492 3815 ep.
514 3735 534 3798 6
554 3735 630 3800 data
652 3756 719 3800 esse
740 3737 873 3803 videtur.
924 3739 1096 3819 Quaeritur
1117 3741 1226 3820 igitur,
1257 3757 1321 3821 qno

161 3822 301 3898 tempore
336 3835 385 3898 ep.
416 3815 436 3878 5
466 3817 643 3900 conscripta
670 3819 719 3882 sit.
779 3820 906 3903 Legitur
932 3823 964 3886 in
995 3822 1062 3887 eius
1091 3843 1139 3906 ep.
1166 3821 1185 3904 ἕ
1208 3822 1241 3887 3;
1273 3821 1322 3899 ,de

160 3895 271 3964 ceteris
297 3898 393 3963 rebus
420 3898 520 3962 babes
550 3899 754 3983 Dionysinm‘,
787 3923 826 3967 ex
854 3921 919 3986 quo
944 3903 1079 3969 efficitur
1109 3908 1145 3969 ut
1173 3907 1245 3988 post
1272 3923 1322 3987 ep.

230 4053 257 4120 a)
276 4050 371 4118 Bardt,
389 4053 409 4108 1.
427 4053 445 4108 l.
464 4071 491 4124 p.
510 4055 542 4120 8;
560 4052 687 4110 Schmidt
704 4055 722 4110 l.
741 4055 759 4111 l.
778 4075 804 4127 p.
822 4059 848 4112 4.
