2954 4874
753 201 798 268 48

201 379 1363 559 air‘mutltctalmatmtrrmntamt:

198 546 323 609 nullum
344 547 447 609 maius
467 551 629 626 negotium
652 565 811 627 suscipere
830 547 932 620 volm,
960 564 1027 626 quo
1057 547 1129 625 plus
1157 548 1244 626 apud
1272 547 1360 610 rllum

198 626 397 706 (Caesarem)
418 648 510 692 meae
532 629 655 691 litterae
675 628 976 710 cohortationesque
989 627 1031 689 ad
1048 646 1158 708 pacem
1174 630 1360 694 valerent*¹.‘

197 711 245 775 De
264 730 304 774 eo
327 711 422 790 igitur
443 710 582 775 dubitari
603 710 729 791 nequIt,
756 712 834 792 quin
856 730 932 774 orae
960 711 1139 774 maritimae
1170 713 1361 792 praesidium

197 792 308 858 Cicero
327 794 359 857 in
378 813 413 858 se
433 794 622 875 susceperit;
674 810 752 855 uare
772 793 990 856 confitendum
1011 797 1058 855 oet
1080 795 1226 857 consulto
1245 813 1320 858 eum
1340 815 1362 860 a

197 894 275 940 vero
294 875 459 940 deflexisse
478 875 512 938 in
527 895 577 957 ep.
598 875 640 938 ad
689 874 858 952 rebatium,
880 875 1023 940 Caesaris
1039 878 1189 951 amicum,
1211 878 1299 951 dala,
1320 878 1361 942 de

197 978 263 1041 qua
289 977 319 1054 a.
342 958 380 1055 d.
408 958 459 1022 IV.
485 976 563 1054 non,
586 955 676 1020 Febr.
718 958 887 1053 Attico-in
912 978 961 1040 ep.
984 957 1053 1053 llll,
1084 959 1121 1054 11
1150 956 1211 1038 §I
1238 958 1361 1023 scribit:

197 1061 350 1187 attat
372 1039 626 1206 albrat
643 1059 822 1218 'ellim
838 1039 1123 1204 'sawt
1137 1061 1361 1206 &illidii

196 1207 336 1270 manebo
357 1206 436 1270 durn
455 1225 528 1288 spes
549 1205 637 1288 pacis
657 1207 735 1269 ent‘
789 1205 980 1287 Susceperat
1005 1209 1184 1284 negotium,
1214 1206 1270 1269 sed
1292 1207 1361 1271 eius

198 1289 282 1353 modi
301 1290 481 1370 negotium,
505 1289 593 1371 quod
613 1287 737 1351 nullum
759 1307 828 1351 esse
848 1290 946 1353 videri
968 1292 1091 1368 posset,
1113 1291 1187 1371 quia
1211 1309 1266 1369 per
1284 1289 1363 1355 illud

196 1373 333 1436 otiosum
353 1391 421 1435 esse
442 1371 537 1435 licerit.
563 1370 658 1434 Hunc
678 1371 712 1434 in
733 1370 865 1434 modum
878 1391 918 1435 ea
933 1370 1030 1435 verba
1046 1370 1258 1452 intellegenda
1274 1378 1362 1450 sunt,

197 1453 330 1538 quaein
352 1453 477 1537 eplIII,
497 1453 538 1517 26
561 1453 611 1534 §2
630 1454 795 1531 legrmtur:
818 1472 888 1533 ,ego
910 1473 961 1519 me
982 1454 1097 1518 ducem
1118 1455 1150 1516 in
1175 1453 1257 1517 cirili
1277 1453 1363 1519 bello

197 1538 306 1620 quoad
325 1537 366 1602 de
387 1556 468 1619 pace
487 1539 635 1617 ageretur
655 1536 769 1615 negavi
790 1539 878 1599 esser
911 1536 995 1601 Nam
1006 1537 1119 1600 eodem
1130 1534 1198 1600 fere
1208 1540 1364 1618 tempore,

197 1639 262 1702 quo
283 1618 362 1683 baec
383 1620 501 1701 scripta
521 1624 608 1695 sunt,
628 1617 764 1700 epistula
785 1617 860 1693 VIII,
883 1618 972 1695 11,ss
993 1618 1036 1682 ad
1057 1618 1246 1702 Pompeium
1267 1620 1365 1685 misa

196 1706 254 1778 est,
276 1702 308 1765 in
322 1702 410 1766 culus
425 1699 468 1783 §1
484 1699 673 1782 siclegitur:
696 1719 765 1775 ,nos
785 1699 893 1764 adbuc
913 1702 946 1766 in
965 1720 1004 1766 ea
1024 1720 1092 1777 ora,
1114 1702 1165 1766 cui
1186 1721 1265 1784 prae
1325 1703 1362 1767 'ti

197 1803 324 1858 sumus,
355 1784 399 1848 ita
431 1785 548 1848 fuimus
585 1788 621 1848 ut
658 1801 774 1846 navem
805 1787 954 1864 paratam
985 1783 1198 1848 haberemus·
1247 1721 1363 1868 &aa

197 1867 332 1950 epistula
354 1867 432 1931 satis
456 1866 592 1930 verbosa
618 1867 714 1930 etiam
742 1865 862 1947 optime
887 1865 965 1931 illud
994 1871 1145 1948 apparet,
1174 1865 1364 1932 etceronem

197 1949 328 2014 omnino
347 1949 424 2012 nibil
444 1949 554 2030 egisse,
575 1967 642 2031 quo
656 1946 788 2030 Pompei
810 1952 917 2029 partes
938 1949 1107 2032 complecti
1127 1954 1233 2031 posset
1246 1949 1363 2014 videri:

196 2051 237 2096 ne
265 2031 414 2096 dilectum
443 2030 572 2113 quidem
595 2030 725 2112 Capuae
754 2030 890 2105 adiurit,
921 2032 1009 2114 quod
1039 2051 1113 2095 eum
1142 2032 1263 2096 iussum
1292 2052 1364 2097 esse

198 2115 302 2178 iacere
332 2113 526 2194 aPompeio
552 2114 815 2195 supradiximus.
864 2113 1015 2178 Videmus
1046 2115 1141 2195 igitur
1173 2114 1363 2187 Ciceronem

240 2216 255 2259 r
282 2215 378 2260 omne
408 2195 484 2259 illud
511 2200 636 2276 tempus
661 2195 735 2259 inde
761 2215 782 2259 a
804 2196 912 2259 relicta
935 2199 1012 2261 urbe
1032 2199 1194 2280 usquead
1215 2197 1361 2262 relictam

211 2278 320 2343 taliam
350 2278 438 2342 nullo
464 2277 528 2342 alio
554 2279 682 2359 negotio
712 2277 858 2342 iunctum
887 2298 954 2342 esse
986 2279 1047 2343 uisi
1079 2281 1251 2360 praefuisse
1283 2299 1362 2344 orae

196 2361 392 2438 maritimae,
418 2360 625 2442 quodquam
645 2360 723 2424 nihil
745 2358 840 2425 fuerit
860 2379 956 2426 nemo
977 2380 1043 2427 non
1062 2363 1221 2444 Intellegit.
1262 2361 1361 2440 Quod

193 2446 218 2508 si
241 2445 285 2508 ita
305 2448 370 2517 est,
404 2443 498 2524 paulo
528 2447 604 2507 ante
632 2443 806 2508 discessum
837 2443 881 2507 ab
906 2446 986 2508 urbe
1012 2443 1062 2508 vel
1094 2448 1200 2526 potius
1225 2445 1258 2509 iu
1287 2446 1358 2527 ipso

193 2528 331 2592 discessu
351 2525 497 2607 Capuam
518 2530 615 2590 antea
635 2529 799 2606 sumptam
820 2544 841 2589 a
859 2545 894 2589 se
915 2527 1055 2590 reiecisse
1071 2526 1204 2604 videtur,
1226 2528 1267 2591 de
1312 2544 1358 2593 ua

192 2629 229 2674 re
248 2611 384 2673 exeunte
405 2606 578 2672 Februario
607 2607 713 2672 scribit
737 2608 778 2671 ad
807 2607 911 2688 ipsum
932 2607 1121 2690 Pompeium
1149 2611 1253 2692 irrep.
1304 2610 1356 2688 III,

197 2694 252 2767 11,
279 2691 307 2755 D
334 2688 414 2772 §52
447 2692 596 2766 ,maxime
620 2689 732 2753 vellem
761 2690 900 2772 primum
925 2709 1051 2774 semper
1077 2695 1184 2756 tecum
1214 2693 1356 2772 inissem,

193 2773 283 2858 quod
309 2773 437 2856 quidem
461 2773 516 2836 tibi
538 2771 754 2847 ostenderam,
783 2789 858 2836 cum
883 2791 904 2838 a
932 2792 984 2838 me
1005 2773 1148 2853 Capuam
1168 2776 1356 2852 reiciebam;

193 2857 282 2940 quod
304 2855 362 2920 ieci
379 2874 444 2918 non
455 2854 573 2918 vitandi
585 2854 689 2918 oneris
709 2873 806 2919 eausa
827 2873 854 2918 e.
869 2875 900 2938 q.
913 2859 965 2919 s.‘:
987 2856 1134 2921 Similiter
1152 2863 1281 2941 postero
1303 2858 1357 2924 die

194 2939 237 3004 ad
250 2939 392 3003 Atticum
409 2936 502 3085 gill,
518 2937 556 3000 12
578 2936 668 3018 §tlz
690 2955 777 3014 ,nam
798 2941 882 3001 certe
902 2957 1009 3022 neque
1029 2944 1098 3003 tum
1119 2941 1260 3022 peceavi,
1279 2959 1355 3006 cum

197 3023 388 3104 imparatam
456 3038 555 3102 puam
577 3067 585 3082 .
606 3067 614 3082 .
637 3067 644 3083 .
664 3020 806 3101 accipere
826 3020 912 3084 nolui
933 3041 960 3084 e.
983 3042 1014 3102 q.
1034 3023 1099 3085 sfu

279 3125 429 3191 Ceterum
451 3125 538 3209 quod
559 3125 603 3190 ita
616 3124 726 3190 Cleero
746 3145 780 3189 se
801 3127 895 3206 gessit
917 3161 957 3171 -
976 3127 1064 3209 quod
1084 3147 1149 3192 non
1170 3129 1256 3194 solus
1276 3130 1361 3212 iecit,

197 3211 252 3274 sed
275 3209 351 3273 satis
374 3209 463 3273 multi
486 3227 560 3272 curn
584 3228 622 3272 eo
642 3213 804 3273 senatores
826 3243 866 3252 —
892 3226 957 3273 non
980 3209 1073 3273 nimis
1093 3211 1121 3274 ei
1142 3211 1265 3276 crimini
1286 3233 1360 3278 ver·

196 3293 330 3356 tendum
352 3298 406 3356 est.
456 3290 568 3373 Neque
588 3291 672 3354 euim
694 3289 832 3354 dubitari
854 3291 963 3368 debet,
992 3293 1069 3373 quin
1097 3313 1131 3357 re
1152 3313 1228 3358 vera
1248 3294 1360 3362 Cicero

198 3376 358 3457 putaverit
388 3394 422 3437 se
443 3393 510 3437 esse
532 3374 726 3456 aptissimam
749 3392 920 3454 personam
942 3375 983 3439 ad
1008 3394 1117 3455 pacem
1139 3379 1362 3443 concordiam-

198 3477 261 3540 que
288 3459 371 3522 inter
398 3455 567 3521 Caesarem
597 3460 629 3519 et
657 3455 736 3519 Pom
780 3456 845 3518 ium
875 3457 1156 3521 reconciliandam:
1195 3459 1247 3523 illo
1273 3463 1362 3543 pacis

198 3540 303 3606 studio
326 3544 425 3622 atque
446 3558 557 3603 amore
571 3538 731 3621 patriaea
754 3537 870 3601 ductus
879 3543 936 3616 est,
957 3543 994 3604 ut
1010 3539 1124 3604 ducem
1142 3541 1215 3606 belli
1237 3562 1271 3606 se
1292 3563 1362 3611 esse

199 3678 390 3690 ..-...---

266 3746 294 3812 a)
311 3743 345 3798 oi.
365 3740 425 3806 VII,
446 3741 477 3794 14
494 3741 510 3810 ς
529 3741 553 3793 2.

266 3813 296 3949 3
312 3811 485 3935 {libaima}
497 3809 753 3958 ᾶξνέιιοιξέὅίιιοιιε,
777 3874 824 3929 aed
844 3873 893 3943 qui
912 3874 993 3930 valde
1013 3880 1159 3955 corruptus
1176 3876 1310 3956 traditur,
1330 3881 1363 3936 in

199 3969 242 4021 ep.
262 3951 298 4006 ad
320 3951 379 4004 att.
400 3948 480 4012 VIII,
504 3950 521 4002 3
546 3949 604 4017 ς4.
649 3948 692 4001 lbr
715 3961 764 4015 pro
788 3961 821 3999 eo
845 3944 918 4012 quod
943 3948 998 4001 est:
1021 3963 1058 4009 ,m
1081 3949 1111 4000 te
1133 3952 1208 4015 oeprt
1226 3950 1362 4018 Capuam‘

199 4019 304 4076 conicio
321 4019 469 4090 legendum
487 4033 559 4072 ease:
578 4017 651 4083 ,hinc
667 4013 750 4071 rereoi
769 4013 908 4084 Capuam!
