2954 4874
726 265 765 333 27

158 451 388 521 amicorum
422 446 548 525 litteris,
580 465 660 529 quas
695 447 801 512 attuIIt
831 447 982 525 Acastus,
1019 445 1066 511 ad
1103 465 1218 511 arma
1240 457 1342 511 rem·

158 532 374 617 spectaret
429 528 520 607 Quae
551 533 692 594 extrema
713 531 809 594 verba
834 530 952 611 optime
981 528 1140 613 quadrant
1165 529 1198 592 ln
1226 528 1322 594 (laelii

159 616 329 699 epistulam
346 611 434 694 (VIII,
450 611 514 694 14),
538 612 569 676 in
592 612 681 676 cuius
703 611 751 694 §I
773 612 900 693 legitur:
923 612 972 690 ,de
992 631 1119 676 summa
1140 632 1173 675 re
1195 612 1321 693 publica

160 717 255 781 saepe
275 697 333 760 tibi
352 693 461 791 scripsi
484 713 535 758 me
556 713 699 758 annuam
714 714 826 776 pacem
844 714 909 758 non
926 694 1040 772 videre,
1064 697 1096 758 et
1111 713 1175 776 quo
1191 695 1320 776 propius

160 801 198 845 ea
217 782 440 851 contentio,
461 794 576 859 quam
597 777 689 841 fieri
712 796 881 842 necesse
904 781 974 851 est,
995 777 1125 854 accedit,
1147 796 1184 840 eo
1207 776 1321 841 clarius
1441 834 1444 841 .

160 865 191 928 id
210 862 384 944 periculum
407 863 538 940 apparet
561 905 592 920 ..
615 907 622 921 .
644 861 688 923 sic
711 860 752 923 illi
772 879 896 924 amores
917 863 949 924 et
970 859 1125 923 invidiosa
1143 860 1321 923 coniunctIo

159 965 224 1010 non
246 944 285 1009 ad
311 941 468 1008 occultam
497 941 608 1006 recidit
628 941 906 1019 obtrectationem,
934 941 990 1006 sed
1019 942 1070 1006 ad
1098 941 1252 1006 bellum
1281 961 1321 1005 se

160 1028 285 1110 erupit‘
326 1026 398 1104 Quo
420 1025 521 1104 magis
543 1023 621 1087 mihi
642 1030 690 1089 est
712 1043 900 1107 persuasum
920 1024 1015 1088 luisse
1036 1023 1133 1089 Caelii
1154 1025 1320 1105 epistulam

158 1112 239 1175 inter
253 1128 317 1184 eaS,
330 1126 410 1189 quas
425 1126 472 1187 pr.
481 1107 521 1170 id.
531 1104 599 1170 Oct.
610 1106 747 1170 Acastus
758 1107 862 1172 attulit
872 1106 1046 1170 amicorum
1059 1106 1186 1170 litteras.
1213 1106 1320 1188 Atque

160 1192 312 1276 quoniam
331 1190 466 1255 Acastus
498 1192 572 1252 aute
593 1188 629 1251 21
655 1189 721 1254 dles
742 1190 848 1254 Roma
879 1189 1036 1271 proiectus
1064 1193 1148 1267 erat,
1178 1189 1320 1270 sequitur

160 1279 195 1339 ut
216 1275 281 1338 dies
304 1272 470 1336 missarum
492 1269 586 1335 Caelii
617 1271 792 1336 litterarum
820 1273 858 1335 sit
880 1290 909 1336 a.
932 1272 962 1335 d.
985 1270 1059 1334 VIII.
1082 1271 1142 1334 kal.
1163 1269 1232 1334 Oct.
1265 1271 1319 1351 (=

159 1359 206 1422 13.
224 1354 335 1438 Sept),
357 1354 474 1436 qqupe
496 1372 559 1435 quo
581 1353 632 1416 dia
652 1354 834 1418 tabellarius
854 1355 913 1417 iter
935 1355 1093 1434 ingressus
1113 1356 1161 1417 sit.
1194 1353 1320 1435 Optime

158 1441 251 1522 igitur
277 1437 447 1512 sehabet,
478 1436 564 1517 quod
598 1455 696 1517 supra
728 1437 944 1519 exposuimus
977 1436 1144 1517 epistulam
1166 1435 1261 1513 vlu,
1281 1437 1320 1500 14

157 1525 230 1606 post
251 1520 343 1584 ludos
354 1517 515 1583 Circenses
532 1518 643 1581 datam
664 1539 749 1598 esse3
774 1522 871 1601 atque
892 1519 956 1582 iam
978 1519 1047 1582 licet
1069 1519 1077 1580 i
1100 1538 1169 1582 sam
1192 1538 1319 1601 quoque

158 1603 326 1687 epistulam
336 1601 460 1677 VIII,l2
479 1601 572 1663 certis
595 1602 735 1664 terminis
757 1601 1019 1665 circumscribere.
1092 1621 1144 1665 am
1191 1602 1320 1665 uoniam
1408 1624 1411 1628 “

158 1689 190 1751 iu
211 1706 249 1750 aa
271 1684 417 1748 Iudomm
436 1682 657 1746 Romanorum
680 1681 717 1746 fit
740 1685 875 1760 mentIo,
906 1703 980 1748 cum
1007 1687 1083 1748 ante
1111 1703 1159 1766 ep.
1208 1683 1256 1761 III,
1281 1685 1321 1747 14

159 1787 287 1832 necesse
309 1766 348 1828 slt
370 1784 441 1828 eam
463 1765 611 1846 scriptam
634 1784 711 1842 esse,
732 1765 888 1829 babemus
910 1766 1058 1831 termInos
1080 1786 1125 1847 pr.
1143 1785 1219 1830 non.
1232 1766 1318 1849 Sept.

160 1854 191 1914 et
209 1848 284 1912 VIII.
306 1849 335 1911 k.
357 1844 425 1910 Oct.
456 1846 809 1930 (τὰ-9351111111.
858 1848 925 1912 Iam
950 1848 989 1912 de
1018 1849 1151 1930 epistula
1171 1848 1249 1925 VIII,
1281 1850 1320 1913 14

160 1952 211 1996 me
242 1933 285 1994 ita
313 1930 493 2010 exposuisse
514 1945 624 2010 spero,
654 1934 691 1994 ut
718 1931 837 1995 nemini
860 1930 991 1994 dubium
1015 1950 1081 1994 esse
1101 1931 1212 2012 possit,
1242 1933 1319 2013 quin

159 2033 268 2078 mense
295 2011 473 2093 Septembri
499 2010 575 2075 data
609 2012 657 2074 sit.
715 2013 797 2077 Nam
828 2014 914 2096 quod
942 2018 1165 2094 argumentum
1198 2012 1320 2076 disertis

158 2096 262 2161 verbis
282 2093 420 2174 Langius
441 2093 534 2158 affert
554 2093 596 2157 ad
618 2113 710 2157 suam
733 2095 924 2159 fulciendam
947 2095 1145 2178 opinionem:
1173 2094 1254 2159 »Cic
1277 2097 1318 2160 ad

156 2181 232 2244 farn.
246 2174 321 2253 VIII,
345 2176 401 2240 14:
422 2174 625 2257 geschrieben
648 2176 736 2240 nicht
757 2178 799 2241 im
822 2178 1020 2260 September,
1042 2197 1079 2241 zu
1102 2177 1238 2242 welclrer
1253 2178 1320 2243 Zeit

158 2280 231 2326 man
255 2261 347 2323 einen
367 2258 589 2345 Rartherkrieg
612 2258 700 2322 nicht
720 2260 811 2324 mehr
832 2261 998 2336 fiirchlete,
1022 2260 1160 2324 sondern
1182 2263 1224 2324 im
1246 2263 1318 2325 Iuni

158 2345 235 2408 oder
257 2342 386 2421 Antang
407 2340 486 2405 Iuli«
514 2375 554 2384 -
581 2340 611 2404 id
649 2345 733 2405 certe
766 2361 830 2405 non
859 2343 904 2407 ita
932 2347 979 2406 est
1009 2347 1247 2425 comparatum,
1283 2347 1318 2408 ut

159 2429 272 2490 contra
292 2427 433 2487 nostram
456 2423 764 2503 argumentationem
776 2425 889 2488 valeat.
918 2424 1047 2507 Spectat
1059 2429 1168 2488 autem
1180 2426 1317 2504 Laugius

159 2511 200 2573 ad
221 2511 362 2571 extrema
383 2505 536 2587 epistulae
556 2505 668 2569 verba:
693 2507 742 2583 ,ad
764 2526 934 2584 summam,
956 2508 1091 2590 quaeris
1109 2508 1186 2588 quid
1207 2511 1317 2589 putem

157 2594 316 2657 futurum:
353 2589 378 2650 si
411 2589 560 2652 alteruter
589 2589 629 2651 ad
658 2588 842 2652 Parthicum
875 2590 993 2654 bellum
1023 2608 1087 2653 non
1119 2594 1186 2668 eat,
1224 2590 1316 2654 video

158 2691 290 2753 magnas
306 2671 487 2751 impendere
507 2669 678 2734 discordias
698 2672 754 2750 (sc.
770 2673 851 2735 inter
865 2670 1036 2736 Caesarem
1054 2676 1085 2735 et
1096 2671 1316 2754 Pompeiuml‘.

157 2751 401 2821 Concedeudum
442 2755 488 2814 est
525 2753 655 2816 ineunte
687 2753 779 2818 JunIo
816 2773 969 2836 magnum
1006 2754 1038 2817 in
1071 2754 1160 2836 Syria
1197 2755 1315 2819 bellum

156 2837 294 2912 fuisset),
304 2833 390 2916 quod
413 2833 575 2897 imminere
591 2835 692 2898 mullo
705 2840 778 2900 ante
792 2837 933 2918 plurimis
951 2836 1026 2901 locis
1038 2834 1146 2900 Cicero
1158 2838 1314 2920 suipsius

155 2916 393 2987 concedendum
427 2916 520 2980 etiam
556 2919 603 2980 est
648 2922 724 2981 ante
759 2917 907 2982 Sextilem
941 2918 1122 2994 ,incredibili
1159 2920 1315 2985 felicitate‘

154 3006 280 3069 hostem
310 2999 373 3063 iam
406 2997 623 3075 discessissem
659 3001 714 3063 sed
744 3004 897 3064 venerant
925 3000 1035 3064 Parthi
1065 3001 1125 3065 hoc
1153 3022 1252 3082 ann0,
1280 3009 1315 3069 ut

155 3081 797 3246 nettnttttttttmttetttttttt
810 3083 1314 3233 tltnt’trut‘ttttltt

155 3248 338 3315 Parthicum
367 3250 398 3310 et
420 3244 523 3310 Crassi
550 3266 636 3311 mors
664 3247 830 3311 etiamtum
853 3247 1041 3313 ulciscenda.
1099 3250 1198 3314 Recte
1221 3251 1314 3331 igitur

168 3408 348 3416 ι----...-.

222 3496 250 3561 a)
267 3491 399 3559 Quoniam
418 3495 590 3550 circenses
608 3497 737 3552 extremis
755 3499 867 3553 tantum
884 3497 1011 3553 ludorum
1019 3495 1313 3553 Romanorumdiebua

153 3563 291 3618 dabuntur
315 3565 360 3631 (en
379 3580 404 3618 u.
424 3565 450 3619 d.
468 3564 541 3619 XVI.
558 3566 592 3620 ad
619 3584 644 3621 a.
669 3567 695 3623 d.
716 3567 777 3621 XII.
796 3567 851 3623 lxal.
870 3567 957 3636 Oct),
982 3569 1139 3622 accuratius
1162 3567 1245 3620 etiam
1270 3583 1312 3634 ep.

153 3633 232 3696 VIII,
254 3632 287 3685 12
306 3632 433 3701 compelli
450 3636 540 3702 potest
558 3635 630 3690 inter
648 3653 672 3690 a.
691 3636 717 3690 d.
734 3637 807 3691 XVI.
826 3642 856 3691 et
874 3637 945 3690 VIII.
965 3637 1021 3690 kal.
1040 3637 1097 3692 Oct.
1116 3639 1170 3706 (ε
1195 3636 1312 3689 15.-23.

155 3703 253 3828 septb
271 3769 304 3823 n.
323 3770 358 3824 aa
377 3769 436 3824 au.
455 3769 504 3836 vr,
522 3772 547 3837 4,
567 3773 589 3826 r.

223 3838 249 3904 c)
268 3839 300 3892 cf.
318 3839 353 3893 ad
370 3839 429 3893 nu.
448 3839 481 3904 V,
499 3841 541 3905 21,
560 3843 587 3907 23
607 3840 654 3906 VI,
673 3844 696 3905 1,
717 3841 760 3907 14;
777 3841 801 3914 2,
820 3844 851 3912 63
870 3843 895 3908 3,
915 3843 939 3899 2.

223 3907 252 3974 d)
272 3908 305 3963 cf.
324 3910 360 3963 ad
378 3911 437 3962 Ati.
455 3909 502 3974 VI,
518 3911 543 3975 6,
556 3909 581 3966 3.

222 3976 248 4042 e)
268 3976 302 4029 cl.
322 3979 356 4032 ad
373 3978 432 4033 Au.
451 3979 484 4047 V,
504 3979 543 4044 18,
564 3980 592 4043 l;
611 3978 652 4044 20,
671 3978 688 4032 2
705 3979 735 4033 at
750 3980 777 4044 33
795 3981 837 4044 21,
855 3980 880 4035 2.

207 4093 354 4148 (starnkoptt.
