2954 4874
857 226 897 293 26

233 432 236 441 ·
295 410 380 474 certe
401 425 510 471 mense
531 403 624 470 Junio
653 404 793 488 Appium
823 406 886 472 iam
917 427 984 472 esse
1013 428 1193 488 censorem,
1221 411 1278 477 sed
1308 415 1460 497 sperabat

296 495 433 566 tantum,
455 492 490 553 ut
512 489 711 567 cognoscitur
731 509 771 553 ex
792 489 826 553 iis
846 490 987 571 epistulis
1006 511 1087 574 quas
1109 497 1218 574 postea
1241 497 1332 560 misit.
1373 498 1459 563 Nam

295 574 453 637 ineunte
473 569 616 666 Sextili,
640 590 713 633 cum
725 571 829 654 Appio
844 573 1056 653 gratularetur
1070 575 1303 642 absolutionem
1319 580 1459 645 ambitus

296 656 361 734 llll,
386 654 457 736 m),
489 652 565 716 nrlnl
589 652 628 715 de
653 673 784 718 munere
804 657 946 719 censorio
968 657 1106 734 addidit,
1137 661 1172 721 ut
1203 658 1293 725 facile
1314 663 1461 728 conicere

295 739 413 821 possiS,
442 736 606 800 certiorem
636 755 708 799 eum
733 756 802 800 esse
824 738 942 802 lactum
962 743 1018 802 aut
1039 739 1168 805 comitia
1191 741 1289 807 dilata
1312 765 1380 810 esse
1402 750 1462 810 aut

295 822 409 885 laisum
439 820 533 883 fuisse
563 818 648 899 quod
679 823 775 883 antea
797 824 925 901 putarat
946 824 1012 884 tam
1040 826 1165 886 mature
1186 843 1224 886 ea
1246 825 1391 891 habitum
1412 828 1462 892 iri.

295 903 387 982 Quod
410 922 448 966 eo
465 905 512 966 est
533 900 598 964 veri
619 900 758 996 similius
780 903 856 984 quia
877 903 909 966 in
933 923 983 985 ep.
1005 903 1053 983 lll,
1079 906 1125 980 13,
1149 925 1231 987 quae
1255 913 1326 990 post
1347 911 1396 988 lll,
1420 911 1462 974 12

295 988 389 1050 missa
406 988 464 1062 est,
486 984 600 1059 denu0,
622 992 679 1046 etsi
701 984 798 1066 paulo
820 990 888 1050 tum
906 987 1127 1064 confidentius
1150 989 1324 1055 clausulam
1344 994 1461 1058 adicit:

295 1088 378 1149 ‚cum
391 1069 470 1132 haec
486 1065 674 1143 scribebam,
695 1086 860 1131 censorem
881 1068 953 1132 iam
976 1073 1006 1133 te
1023 1089 1091 1134 esse
1106 1071 1295 1151 sperabam‘.
1313 1075 1463 1157 Apparet

295 1153 377 1215 enim
393 1171 432 1215 ex
448 1148 496 1214 his
518 1147 621 1212 verbis
642 1151 727 1213 certe
744 1168 809 1213 non
833 1151 952 1215 multo
973 1156 1048 1216 ante
1063 1152 1173 1216 datam
1189 1153 1273 1220 hanc
1288 1158 1460 1239 epistulam

293 1234 467 1298 secundum
490 1229 647 1296 Ciceronis
676 1232 856 1313 opinionem
882 1234 1023 1316 Appium
1057 1254 1219 1300 censorem
1247 1237 1367 1303 iactum
1389 1260 1462 1306 esse

294 1336 394 1400 posse.
428 1314 647 1393 Quamobrem
670 1314 736 1378 iure
759 1315 833 1378 mihi
855 1316 979 1380 videtur
994 1318 1034 1381 de
1055 1317 1161 1381 Boor·l
1181 1321 1327 1386 statuisse
1344 1337 1461 1389 mense

293 1402 422 1465 demum
446 1396 554 1462 Sextili
572 1415 718 1460 censores
740 1399 816 1460 anni
838 1417 869 1462 u.
891 1418 917 1463 c.
939 1399 1001 1463 704
1022 1404 1143 1464 creatos
1164 1403 1261 1465 essert

374 1503 546 1569 Nissenus⁰³
565 1502 651 1566 aliud
674 1503 770 1566 etiam
792 1505 1022 1586 respiciendum
1039 1525 1107 1570 esse
1129 1512 1243 1572 censet.
1289 1511 1461 1594 Superiore

293 1585 378 1653 enim
402 1605 488 1651 anno
510 1586 550 1650 de
568 1585 724 1667 stipendio
745 1585 875 1667 Pompei
896 1587 1032 1652 relatum
1055 1594 1104 1653 est
1125 1591 1196 1655 a.d.
1210 1591 1261 1656 Xl.
1285 1592 1347 1658 kal.
1370 1594 1460 1662 Sext.

293 1673 343 1750 (=
364 1668 414 1734 m.
437 1652 557 1764 Quin&
575 1667 614 1731 cf.
634 1669 680 1762 ad¹
698 1668 775 1731 fam.
798 1669 873 1748 Vlll,
893 1670 915 1733 4
936 1668 954 1752 ἕ
972 1669 1028 1751 4);
1048 1671 1087 1735 de
1111 1673 1224 1738 eadem
1246 1693 1280 1738 re
1301 1673 1360 1741 hoc
1375 1697 1462 1761 quo-

313 1769 353 1817 ue
374 1771 460 1818 anno
482 1771 512 1814 m
541 1754 655 1815 senatu
673 1755 789 1830 ,actum
817 1755 881 1832 est,
914 1753 969 1816 sed
997 1758 1138 1819 extracta
1166 1776 1215 1821 res
1238 1777 1306 1822 esse
1331 1760 1461 1827 videtur

290 1775 438 1901 &arionis
459 1833 693 1908 intercessione,
723 1853 821 1916 quam
853 1835 1006 1899 remisisse
1034 1856 1107 1900 eum
1137 1839 1268 1920 legimus
1301 1841 1333 1905 in
1361 1842 1461 1910 huius

292 1940 340 2001 ep.
362 1917 451 2000 (Vlll,
476 1916 527 1997 14)
549 1915 567 1998 ᾖ
588 1915 625 1979 4;
658 1914 763 1992 ,Curio
784 1920 890 1981 noster
910 1917 1069 2000 sapienter
1086 1921 1135 1998 id,
1167 1924 1253 2005 quod
1275 1925 1395 1990 remisit
1417 1928 1461 1994 de

214 2033 216 2038 v
292 2001 448 2084 stipendio
476 1999 622 2082 Pompei,
648 1998 757 2063 fecisse
781 2001 996 2065 existimatur‘.
1046 2001 1093 2066 Ne
1115 2003 1175 2068 hoc
1197 2006 1325 2088 quidem
1344 2007 1462 2092 Langii

292 2083 433 2166 opinioni
449 2082 556 2148 favere
578 2082 710 2145 videtur.

374 2189 437 2254 Sed
489 2189 687 2253 ravissimum
717 2188 779 2252 hoc
808 2192 871 2266 est,
904 2189 990 2270 quod
1019 2190 1100 2255 idem
1121 2192 1300 2259 Nissenus⁰l
1322 2200 1460 2266 monuit.

291 2273 420 2355 Scripsit
480 2272 578 2336 aelius
617 2272 649 2334 in
683 2271 742 2334 bac
773 2291 822 2353 ep.
848 2272 990 2353 Appium
1024 2292 1187 2339 censorem
1227 2281 1379 2345 acerrime
1417 2283 1461 2349 de

290 2361 420 2504 illd*
434 2355 620 2502 titul
643 2354 864 2500 tullii..
877 2356 1313 2507 {iiliilliliehiill
1333 2364 1460 2449 ,‚„„.

292 2541 396 2586 sorem
419 2541 446 2585 e.
469 2541 500 2603 q.
522 2459 580 2602 εἳ).
630 2519 724 2615 Quod
748 2516 857 2582 Cicero
890 2539 930 2583 ne
958 2521 1017 2584 sibi
1046 2488 1174 2604 quoque
1194 2464 1362 2592 moligltffi
1380 2466 1460 2598 ἓξὲξ

289 2609 410 2689 posset,
433 2604 549 2668 veritus
572 2622 640 2666 esse
661 2601 803 2676 videtum
826 2621 901 2665 nam
924 2604 956 2667 in
976 2623 1024 2685 ep.
1040 2603 1082 2667 ad
1104 2604 1229 2686 Att.Vl‚
1251 2611 1271 2672 9
1293 2608 1312 2692 ἕ
1332 2612 1353 2674 5
1374 2616 1455 2681 satis

289 2691 400 2770 aperte
428 2706 466 2750 eo
499 2685 610 2750 nuntio
637 2704 671 2747 se
697 2688 893 2748 commotum
923 2705 989 2749 esse
1016 2686 1186 2767 significat:
1217 2694 1262 2766 ,tu
1281 2693 1361 2758 mihi
1382 2743 1389 2758 .
1414 2745 1454 2762 ..

290 2770 464 2854 perscribes
489 2817 520 2832 ..
543 2768 583 2831 de
605 2766 796 2843 censoribus,
821 2768 1021 2850 maximeque
1042 2770 1082 2833 de
1102 2772 1207 2852 signs,
1230 2774 1354 2855 tabulis,
1374 2778 1451 2858 quid

289 2855 361 2930 fiat,
389 2851 603 2916 referaturne‘.
670 2848 814 2912 Dubitari
844 2851 936 2930 igitur
969 2852 1092 2933 nequit,
1131 2854 1209 2934 quin
1244 2859 1348 2923 statim
1374 2863 1448 2939 post

290 2938 456 3016 acceptam
480 2933 576 2998 Caelii
596 2933 761 3015 epistulam
785 2931 825 2994 de
847 2951 886 2996 ea
906 2953 941 2996 re
963 2931 1071 2997 Cicero
1083 2935 1225 2999 Atticum
1245 2943 1450 3022 percontatus

289 3021 342 3098 sit3
373 3035 510 3098 cumque
532 3016 668 3098 epistula
695 3015 738 3078 ad
760 3015 826 3078 Att.
849 3015 897 3091 Vl,
919 3016 939 3080 9
966 3016 1070 3080 idibus
1092 3016 1282 3086 Octobribus
1311 3022 1386 3088 data
1409 3026 1454 3089 sit

289 3100 471 3176 Athenis,
493 3097 589 3163 Caelii
611 3099 731 3161 litteras
745 3097 787 3161 ad
802 3117 944 3162 mensem
953 3099 1173 3180 Septembrem
1189 3103 1369 3170 referendas
1384 3126 1455 3174 esse

291 3202 419 3267 prorsus
442 3186 488 3246 est
510 3180 683 3246 verisimile.
789 3240 794 3245 .

371 3290 454 3368 Quin
476 3291 624 3354 accurate
638 3288 711 3366 iam,
730 3307 794 3370 quo
812 3287 861 3351 die
874 3288 980 3353 Roma
1000 3287 1115 3353 missae
1137 3289 1209 3366 sint,
1231 3291 1457 3364 demonstrare

288 3396 341 3441 me
360 3392 451 3456 posse
473 3376 559 3454 puto.
609 3370 731 3434 Scimus
760 3370 843 3433 enirn
866 3390 904 3434 ex
927 3391 974 3452 ep.
997 3371 1038 3434 ad
1059 3371 1133 3435 tarn.
1156 3372 1236 3454 XIV,
1255 3376 1277 3438 5
1298 3374 1457 3461 Ciceroni,

290 3477 363 3524 cum
386 3476 441 3539 pr.
462 3456 510 3520 id.
534 3455 616 3519 Oct.
636 3453 781 3517 Athenas
802 3454 945 3530 venisset,
966 3454 1082 3517 multas
1104 3455 1278 3521 amicorum
1299 3458 1458 3540 epistulas

289 3561 356 3608 esse
386 3539 536 3614 traditas3
568 3535 605 3601 cf.
627 3533 646 3617 ἕ
670 3537 705 3598 1:
738 3535 797 3612 ,Pr.
819 3534 860 3598 id.
884 3534 952 3599 Oct.
974 3536 1117 3601 Athenas
1148 3539 1380 3606 venimus...
1411 3545 1456 3612 de

290 3643 372 3690 nave
398 3621 586 3687 exeuntibus
607 3618 700 3682 nobis
712 3619 847 3682 Acastus
869 3637 941 3682 cum
963 3617 1073 3683 litteris
1093 3625 1220 3702 praesto
1241 3621 1300 3687 fuit
1314 3643 1393 3691 uno
1414 3633 1459 3695 et

289 3705 483 3773 vicesimo
504 3703 577 3783 die,
598 3720 676 3766 sane
693 3704 819 3765 strenue
842 3702 1025 3782 ..cognovi
1047 3703 1133 3766 enim
1154 3723 1199 3768 ex
1226 3706 1456 3779 multorum

288 3843 466 3858 ——n

356 3928 387 3994 a)
405 3925 437 3980 ln
454 3923 550 3979 libello
568 3923 612 3978 oui
627 3919 768 3992 inscripsit
785 3920 868 3986 ,Fasti
886 3921 1010 3977 censorii‘
1028 3939 1054 3993 p.
1074 3925 1115 3978 94.

355 3996 388 4064 b)
403 3995 436 4048 Ei
450 3994 633 4048 Mommsenus
650 3990 800 4048 assentitur
817 3991 895 4046 Rom.
913 3991 1027 4047 Stautsr.
1043 3992 1077 4056 II,
1098 3994 1110 4047 l
1129 3994 1219 4064 (1874)
1238 4011 1265 4064 p.
1280 3993 1343 4063 325,
1361 3997 1387 4052 2.

360 4065 388 4136 o)
406 4065 441 4121 cf.
460 4063 552 4134 Sybel,
570 4063 672 4118 liistor.
690 4061 821 4118 Zeitschr.
839 4061 888 4116 Bd.
906 4060 940 4115 46
958 4079 984 4132 p.
1005 4061 1047 4129 69,
1066 4061 1090 4115 9.
