2954 4874
716 230 757 296 32

160 404 364 490 Interrumpit
386 407 497 474 Cicero
527 409 575 475 his
604 414 706 478 verbis
734 414 876 479 ordinem
904 435 1009 481 rerum
1038 437 1058 482 a
1085 439 1117 483 se
1144 424 1322 502 gestarum:

158 509 235 635 palm
247 497 426 655 Ιἓοεῐῳίειιῃ
446 495 677 645 fgplrslilmm
688 517 949 655 gerutmffirssqrum
974 519 1074 584 usque
1096 503 1138 649 agi
1151 505 1229 649 ss'd'
1251 504 1319 568 XV.

179 591 217 635 a.
278 592 326 636 ov.
370 604 410 629 =
487 597 584 641 .c.
655 599 761 643 eruin
821 601 873 656 ,rr
912 602 1107 648 —scau
1179 606 1250 649 sum
1280 620 1321 632 -··

159 656 309 737 ,quinque
321 656 386 720 dies
404 659 527 736 morati,
547 599 668 742 direplo
681 665 712 724 et
723 664 992 740 vastatoAmanO,
1010 605 1084 730 indll
1099 668 1319 745 discessimus‘,

159 757 187 800 v.
209 739 388 816 tabellam),
416 759 480 804 non
509 743 615 805 statim
645 744 734 807 addit
763 764 801 807 err
832 745 889 808 illis
910 749 1019 811 castris
1040 768 1074 811 se
1096 749 1319 814 Pindenissum

157 839 225 883 esse
246 821 438 901 protectum,
460 824 515 886 sed
537 824 660 889 insertis
690 827 820 890 demum
839 828 895 890 illis
917 830 956 893 de
978 829 1086 894 Cassio
1108 835 1139 895 et
1159 834 1319 896 nonnullis

157 903 197 966 de
225 903 337 967 Bibulo
369 906 486 986 pergit:
520 926 587 981 ,nos
619 908 660 971 ad
688 908 918 974 Pindenissum‘
948 910 983 994 (ἕ
1006 914 1052 990 5).
1101 914 1223 979 Tamen
1252 935 1318 979 non

186 990 247 1049 ost
278 1006 306 1050 a.
328 986 358 1049 d.
382 987 447 1051 XV.
470 988 530 1052 kal.
551 988 645 1067 Nov,
676 991 731 1054 sed
765 992 850 1055 haud
884 994 979 1075 paulo
1014 999 1089 1060 ante
1122 1016 1196 1061 eum
1233 998 1317 1062 diem

153 1007 298 1132 Cassium
331 1070 465 1134 Parthos
498 1073 604 1135 vicisse
640 1079 773 1153 apparet
810 1095 848 1137 ex
880 1095 928 1158 ep.
950 1077 993 1141 ad
1020 1079 1092 1142 lam.
1114 1079 1181 1154 XV,
1201 1081 1223 1142 4
1245 1079 1263 1161 ἕ
1286 1081 1315 1157 B,

157 1152 211 1214 ubi
241 1152 315 1215 dicit
343 1170 376 1215 se
403 1152 444 1215 ad
468 1154 629 1218 Amanum
661 1175 733 1219 cum
760 1157 895 1220 venisset
916 1161 1099 1240 cognovisse
1120 1162 1254 1226 Parthos
1275 1165 1319 1226 ab

158 1233 336 1298 Antiochea
358 1237 538 1311 recessisse,
568 1236 714 1301 Bibulum
740 1238 935 1304 Antiocheae
970 1261 1037 1306 esse
1059 1243 1181 1323 (Parthi
1209 1249 1318 1308 autem

156 1321 249 1380 ante
270 1316 372 1380 Bibuli
402 1318 573 1382 adventum
600 1321 672 1383 vlcti
702 1325 790 1397 sunt,
823 1325 857 1384 ut
885 1343 981 1405 supra
1003 1325 1248 1405 demonstravi);
1279 1347 1319 1391 ex

156 1399 271 1463 tabella
295 1419 370 1463 vero
391 1401 537 1482 cognosci
560 1406 678 1483 potest,
707 1401 890 1468 Ciceronem
912 1407 993 1469 inter
1014 1425 1041 1471 a.
1067 1408 1097 1472 d.
1121 1408 1196 1471 Vlll.
1214 1413 1246 1472 et
1267 1408 1317 1472 IV.

155 1482 196 1546 id.
228 1481 298 1546 Oct.
327 1481 379 1559 (=
410 1483 536 1546 8.-1ἓ.
566 1483 649 1564 Oct.)
685 1487 725 1549 ad
756 1487 917 1551 Amanum
947 1489 1078 1552 venisse.
1138 1491 1196 1554 Vix
1222 1491 1319 1572 igitur

155 1568 260 1647 potest
288 1562 444 1642 dubitari,
477 1567 553 1648 quin
583 1567 613 1630 in
641 1587 689 1650 ep.
712 1569 753 1632 ad
775 1569 915 1633 Atticum
947 1571 1023 1634 data
1052 1577 1218 1653 propterea
1251 1593 1318 1638 non

156 1649 238 1712 iusto
262 1648 369 1711 omnia
392 1648 502 1713 ordine
523 1652 714 1727 narraverit,
736 1655 770 1714 ut
790 1651 885 1732 ipsius
909 1653 1133 1736 propinquiore
1154 1656 1315 1720 vicinitate

155 1750 221 1794 non
252 1731 328 1795 nihil
348 1730 454 1795 Attico
485 1733 634 1795 commoti
657 1733 767 1796 Parthi
789 1733 985 1813 viderentur,
1013 1739 1049 1800 ut
1075 1736 1117 1800 ab
1138 1737 1318 1803 Antiochea
1385 1754 1389 1763 “

155 1814 348 1878 recederent.
407 1812 610 1895 Quamquam
645 1834 708 1878 non
745 1834 871 1897 prorsus
902 1818 997 1894 celat,
1028 1822 1125 1883 antea
1152 1820 1316 1885 victoriam

154 1897 241 1960 illam
263 1899 456 1978 reportatam
477 1915 561 1970 esse;
585 1916 661 1960 narn
683 1917 721 1961 ea
742 1916 825 1979 quae
846 1899 959 1962 eodem
981 1899 1060 1976 loco,
1083 1901 1136 1964 ubi
1158 1902 1197 1965 de
1219 1903 1316 1967 Cassii

155 1980 285 2043 victoria
304 1997 407 2042 sermo
429 1983 486 2055 est,
506 1983 677 2043 narrantur
698 1981 737 2043 de
758 1979 870 2044 Bibulo
891 1981 1000 2061 (venit
1021 1984 1146 2046 interim
1167 1984 1313 2062 Bibulus,

155 2111 162 2124 .
186 2109 193 2123 .
217 2111 224 2126 .
248 2062 280 2125 in
303 2061 414 2126 eodem
434 2061 561 2125 Amano
583 2062 684 2143 coepit
710 2061 860 2126 loreolam
887 2064 918 2127 ln
949 2067 1110 2128 mustaceo
1140 2072 1314 2149 quaerere‘)

154 2165 191 2208 ea
215 2147 323 2226 aperte
346 2143 451 2207 Attico
480 2162 609 2225 quoque
641 2144 902 2209 demonstrabant
943 2147 1106 2212 victoriam
1137 2148 1179 2211 ad
1206 2151 1315 2232 priora

154 2231 298 2308 tempora
331 2225 531 2290 referendam
562 2245 645 2301 esse;
687 2246 790 2309 neque
826 2229 908 2291 enim
940 2229 1043 2310 potuit
1070 2230 1217 2309 Bibulus,
1257 2236 1314 2316 qui

154 2309 261 2375 Cassio
297 2309 499 2384 succedebat,
534 2309 621 2390 prius
656 2310 696 2373 ad
730 2310 893 2374 Amanum
929 2312 1050 2389 venire,
1085 2330 1182 2396 quarn
1218 2334 1314 2381 omne

152 2393 345 2456 Parthorum
377 2391 551 2473 periculum
574 2407 721 2456 aversum
744 2396 833 2456 esset.
885 2392 938 2456 nst
962 2395 1054 2459 tertia
1077 2395 1172 2459 etiam
1199 2397 1238 2461 de
1264 2399 1314 2463 his

155 2474 249 2539 rebus
271 2474 413 2556 epistula,
435 2473 477 2539 ad
497 2472 639 2538 Caelium
661 2475 737 2539 data
757 2473 845 2553 (fam.
863 2475 897 2551 ll,
915 2476 974 2554 10),
995 2477 1050 2540 uhi
1071 2477 1153 2542 idem
1176 2481 1313 2546 traditur

153 2561 251 2640 atque
272 2557 304 2622 in
325 2577 374 2639 ep.
387 2557 429 2621 ad
447 2554 602 2622 Catonem
625 2556 691 2632 XV,
704 2556 737 2619 t:
760 2575 842 2632 ,cum
865 2557 1021 2622 venissem
1042 2560 1083 2624 ad
1097 2560 1310 2628 Amanum...

153 2639 279 2705 Cassius
292 2649 401 2704 noster
420 2688 463 2703 ...
480 2639 608 2703 feliciter
620 2641 662 2702 ah
675 2637 849 2703 Antiochea
868 2640 988 2703 hostem
1003 2641 1164 2719 reiecerat,
1181 2643 1311 2709 Bibulus

154 2724 346 2805 provinciam
356 2724 539 2804 acceperat‘.
571 2721 713 2803 Apparet
721 2722 822 2802 igitur,
833 2721 914 2785 inter
929 2723 998 2787 idus
1006 2723 1208 2806 Septembres
1222 2729 1307 2804 (nam

152 2826 180 2870 a.
192 2807 222 2868 d.
234 2806 285 2869 Xl.
298 2804 404 2869 noct.
422 2821 459 2857 =
480 2805 529 2868 20.
539 2805 579 2868 Se
604 2809 624 2866 t.
634 2801 741 2867 Cicero
763 2805 907 2869 nondum
927 2807 1308 2871 audiveratAntiocheam

153 2887 478 3034 lllltlllltlat.
495 2887 651 3033 alan
669 2886 1308 3064 lethuturumbertus

152 3053 294 3129 Parthis,
325 3052 383 3117 hos
413 3057 485 3135 post
521 3051 637 3116 frustra
671 3056 861 3134 temptatam
896 3053 1165 3134 oppugnationem
1193 3053 1234 3115 ab
1269 3073 1307 3117 eo

153 3136 270 3219 oppido
296 3135 473 3212 recessisse,
505 3134 681 3198 insecutum
712 3155 766 3198 eos
786 3133 928 3199 Cassium
958 3133 1039 3196 bene
1069 3151 1137 3196 rem
1168 3135 1307 3215 gessisse,

152 3219 316 3283 revertisse
338 3216 562 3292 Antiocheam,
589 3218 702 3281 Bibulo
724 3215 918 3299 provinciam
947 3214 1129 3292 tradidisse,
1160 3219 1307 3281 nuntium

151 3304 191 3367 de
221 3302 268 3364 his
293 3301 388 3364 rebus
415 3301 455 3363 ad
473 3298 657 3364 Ciceronem
688 3300 719 3363 ln
740 3301 901 3364 Amanum
932 3297 1088 3380 perlatum
1116 3318 1193 3362 esse.
1240 3301 1309 3364 Aut

151 3386 246 3466 igitur
272 3384 314 3447 ad
342 3389 510 3446 exeuntem
537 3382 754 3464 Septembrem
785 3385 841 3446 aut
872 3380 914 3444 ad
944 3381 1104 3444 ineuntem
1127 3380 1308 3447 Octobrem

152 3467 282 3533 victoria
303 3465 357 3530 illa
377 3469 423 3528 est
445 3465 619 3528 referenda.
648 3465 807 3547 Sequitur,
828 3467 863 3527 ut
884 3462 1087 3559 nullomodo
1110 3465 1177 3528 lieri
1201 3466 1308 3547 possit,

152 3554 187 3616 ut
213 3548 310 3614 Cassii
342 3548 460 3612 litteras
491 3547 632 3611 victrices
665 3548 730 3611 iam
763 3547 863 3624 ,nonis
890 3545 1090 3611 Octobribus‘
1127 3548 1159 3610 in
1193 3551 1309 3611 senatu

151 3633 275 3699 Romae
298 3631 444 3695 recitatas
454 3649 520 3693 esse
534 3630 710 3706 credamus,
732 3629 849 3712 quippe
868 3647 947 3712 quas
961 3628 1013 3692 vix
1034 3632 1109 3693 ante
1129 3647 1202 3692 eum
1224 3629 1309 3693 diem

152 3717 229 3781 dare
250 3713 375 3779 Cassius
398 3713 542 3794 potuerit.
555 3746 593 3755 —-
609 3712 677 3776 lam
702 3713 959 3794 quaeritur,.quo
982 3711 1076 3775 modo
1098 3710 1168 3775 loco
1189 3712 1310 3777 mederi

152 3798 315 3880 possimus.
343 3796 452 3877 Atque
468 3794 710 3874 Wesenbergius
722 3794 851 3890 quidem
864 3795 1066 3858 scribendum
1079 3812 1145 3888 esse
1164 3794 1309 3859 coniecit:

162 3900 227 4027 quo
249 3882 356 3944 aulem
379 3878 428 3942 die
447 3877 544 3941 Cassii
568 3877 689 3941 litterae
709 3877 852 3940 vrctrices
869 3876 899 3939 in
923 3880 1034 3940 senatu
1055 3878 1204 3941 recrtatae
1224 3880 1309 3956 sunt,

152 3930 160 3959 ⁹
206 3966 253 4027 est
270 3961 362 4026 nonis
383 3959 691 4034 Novembribus
714 3959 825 4022 eodem
840 3977 931 4022 meae
953 3958 1021 4030 ...‘;
1039 3960 1071 4020 et
1091 3958 1309 4024 confitendum

152 3984 161 4028 l

152 4049 200 4111 est
219 4043 377 4110 Ciceronis
398 4043 527 4126 quidem
549 4041 717 4124 epistulam
739 4041 820 4105 inter
838 4039 917 4105 XIIl.
938 4042 971 4104 et
991 4037 1041 4140 ill.
1057 4039 1087 4103 k.
1104 4038 1174 4105 Oct.
1197 4041 1308 4107 datam
1359 4062 1362 4066 ·
