2954 4874
718 276 878 341 23'

158 452 300 518 consulta
332 472 379 536 pr.
409 453 470 519 kal.
498 453 566 520 Oct.
592 454 689 532 facta,
721 455 762 518 de
790 453 905 538 quibus
935 453 1029 520 etiam
1057 451 1183 521 CaeIIus
1209 453 1315 518 Roma

158 537 288 601 miserat
318 556 366 617 ep.
390 537 471 616 VIII,
496 540 525 602 8.
575 539 716 619 Apparet
746 538 841 618 igitur
877 557 986 602 mense
1019 537 1149 603 demum
1184 536 1315 601 Octobri

156 618 242 683 hanc
262 619 302 683 de
324 619 418 683 rebus
439 620 570 685 urbanis
588 620 682 685 Attici
703 620 870 702 epletulam
894 620 1005 684 datam
1027 640 1095 684 esse
1117 640 1228 705 posse:
1257 637 1317 683 nec

155 705 265 765 tamen
286 721 324 766 ex
339 701 433 784 Epiro
457 703 551 767 missa
567 706 643 778 erat,
667 703 817 786 quoniam
839 707 971 785 accepta
987 721 1025 767 ea
1043 701 1152 768 Cicero
1172 701 1314 767 scribittl:

157 788 239 862 ,tuas
259 785 377 848 etiarn
398 785 572 869 Epiroticas
594 786 711 849 litteras
734 789 900 868 exspecto‘.
948 785 1105 867 Sequitur,
1127 791 1163 850 ut
1187 787 1315 849 ineunte

157 865 283 930 Octobri
307 867 432 933 Atticus
455 872 512 934 aut
542 869 706 932 etiamtum
738 869 770 932 tn
797 869 876 932 urbe
905 873 1121 932 commoratus
1143 870 1182 933 sit
1203 871 1260 931 aut
1282 867 1315 931 iu

157 950 266 1014 itinere
288 949 396 1014 fuerit:
423 956 507 1016 certe
538 953 570 1015 in
591 951 719 1032 Epirum
749 954 819 1021 tum
846 971 911 1015 non
940 956 1134 1033 pervenerat.
1186 950 1339 1014 Videtur⁴

156 1037 265 1099 autem
281 1051 319 1097 eo
335 1035 456 1100 venisse
471 1055 579 1098 mense
591 1034 762 1097 Novembri
778 1038 834 1099 aut
848 1033 1025 1112 Decembri,
1047 1035 1198 1117 quoniam
1215 1032 1317 1096 idIbus

156 1118 284 1180 demum
306 1115 485 1182 Februariis
515 1137 542 1181 a.
565 1137 595 1180 u.
620 1135 645 1179 c.
670 1118 731 1180 704
753 1115 861 1181 Cicero
885 1117 1033 1181 seribirl:
1059 1121 1100 1193 ,te
1129 1117 1162 1180 in
1184 1116 1314 1199 Epirum

155 1199 279 1263 salvum
310 1200 431 1263 venisse
461 1200 696 1282 ...gaudem
759 1200 910 1264 Habebat
945 1204 1051 1264 autern
1086 1199 1137 1263 illo
1173 1203 1316 1280 tempore

156 1281 265 1346 Cicero
284 1281 364 1346 duas
373 1283 465 1346 Attici
488 1283 646 1364 epistulas
668 1302 803 1365 quarum
825 1282 959 1347 alteram
967 1283 1092 1347 Atticus
1113 1281 1220 1346 statim
1243 1284 1316 1363 post

156 1365 330 1429 adventurn
347 1366 530 1442 (nauseans
550 1365 733 1446 Buthroto‘)
757 1366 898 1442 dederat,
923 1366 1023 1430 altera
1042 1366 1139 1448 paulo
1163 1364 1317 1429 recentim

155 1450 233 1523 erat,
256 1451 292 1511 ut
314 1448 524 1528 colligendum
548 1452 594 1512 est
614 1468 652 1512 ex
677 1468 725 1530 ep.
734 1447 770 1526 V,
784 1449 820 1511 nl
844 1446 892 1530 §3
915 1453 992 1512 extr.
1009 1453 1040 1512 et
1056 1447 1315 1512 nneeenuorem

120 1600 124 1624 l
154 1534 262 1596 autem
284 1528 392 1594 Cicero
408 1535 573 1613 acceperat
593 1530 697 1605 Iconii,
716 1549 787 1593 cum
809 1531 841 1593 In
858 1531 970 1595 itinere
991 1535 1072 1595 esset
1089 1531 1190 1594 Tarso
1204 1529 1317 1593 Laodi-

155 1633 254 1678 ceam.
302 1613 394 1690 Quod
420 1615 479 1678 iter
507 1615 665 1695 ingressus
684 1617 752 1676 erat
769 1614 862 1676 nonis
878 1613 1049 1692 Ianuariis,
1086 1615 1263 1678 confecerat
1285 1631 1314 1675 a.

156 1697 187 1760 d.
204 1695 252 1758 111.
272 1695 314 1759 id.
338 1695 468 1775 rerum
490 1700 524 1760 at
549 1716 588 1759 ue
610 1696 759 1778 quoniam
782 1695 921 1760 Iconium
944 1697 974 1760 in
996 1696 1102 1760 medio
1122 1697 1186 1760 iere
1207 1696 1317 1758 itinere

156 1779 252 1841 silum
268 1780 339 1872 est,
370 1783 505 1843 exeunte
526 1717 677 1843 lanuario
706 1779 860 1842 recentior
881 1779 976 1844 Attici
995 1779 1131 1862 epistula
1151 1780 1178 1842 ei
1198 1777 1314 1841 tradita

157 1879 225 1924 esse
246 1858 379 1922 ridetur.
407 1888 409 1893 ¹
431 1859 576 1944 Cumque
598 1862 637 1923 de
660 1879 698 1922 ea
719 1859 829 1924 Cicero
851 1860 953 1927 dicat:
983 1881 1179 1942 ,acceperam
1207 1865 1314 1924 autem

155 1941 230 2006 satis
251 1941 412 2018 celeriter‘,
434 1963 453 2008 a
479 1947 568 2026 paret
589 1963 697 2007 mense
718 1943 881 2007 Decembri
905 1964 976 2008 eam
1000 1946 1107 2008 datam
1128 1964 1211 2018 esse;
1239 1962 1313 2006 narn

157 2025 262 2088 minus
284 2027 368 2088 certe
390 1965 514 2090 duobus
537 2026 697 2089 mensibus
712 2026 833 2106 perlata
844 2030 901 2102 est,
923 2028 1076 2111 quoniam
1097 2047 1138 2091 ne
1149 2027 1316 2091 Romanae

178 2106 284 2171 uidem
317 2106 470 2189 epistulae
504 2109 575 2191 plus
610 2108 690 2171 duos
725 2128 848 2172 menses
870 2109 914 2172 xin
954 2110 1065 2173 ItInere
1100 2129 1168 2173 esse
1203 2109 1314 2172 solent.

154 2128 247 2267 duod
265 2188 291 2252 si
313 2190 358 2252 ita
380 2194 441 2266 est,
468 2191 519 2255 illa
539 2191 636 2254 Attici
658 2190 809 2271 epistula,
839 2211 923 2274 quae
949 2192 1107 2256 Buthroto
1138 2192 1214 2255 data
1234 2194 1311 2267 erat,
1336 2230 1342 2243 ‹

155 2275 211 2335 aut
240 2272 308 2354 ipsa
340 2291 468 2355 quoque
499 2273 541 2337 ad
570 2273 776 2336 Decembrem
809 2273 1000 2354 (ineuntem)
1029 2279 1086 2338 aut
1112 2275 1155 2338 ad
1177 2274 1315 2338 Novem·

154 2354 245 2418 brem
265 2354 430 2419 referenda
454 2360 510 2420 est.
532 2392 570 2400 —-
595 2355 732 2432 Quando
753 2376 828 2420 vero
851 2377 889 2420 ex
905 2357 999 2438 Epiro
1025 2375 1134 2421 rursus
1156 2355 1314 2439 protectus

154 2437 208 2513 sit,
250 2441 400 2502 accurate
442 2439 590 2502 constitui
632 2438 751 2520 nequit.
810 2438 892 2502 Nam
930 2441 1017 2522 quod
1056 2439 1165 2504 Cicero
1205 2457 1315 2501 meuse

154 2519 246 2583 Junio
276 2523 307 2583 et
332 2520 459 2597 Quintili
491 2521 667 2603 suspicatus
699 2526 760 2597 est,
794 2541 867 2585 eum
899 2523 961 2586 iarn
992 2523 1131 2587 Romam
1168 2521 1313 2598 redisset),
1364 2531 1367 2537 ·

154 2601 186 2664 id
208 2601 323 2666 falsum
345 2603 411 2666 fult.
461 2604 562 2667 Immo
594 2624 632 2668 ex
655 2602 749 2685 Epiro
771 2603 896 2668 Atticus
921 2623 986 2669 non
1008 2606 1114 2669 staIIm
1136 2605 1169 2668 in
1191 2603 1315 2667 Italiam

155 2685 290 2761 revertit,
312 2685 368 2748 sed
380 2685 525 2750 Athenas
546 2706 580 2749 se
602 2686 742 2763 contulit,
764 2687 975 2752 menseJunio
993 2694 1030 2750 ut
1044 2687 1187 2762 videtum
1209 2687 1316 2750 scribit

155 2766 239 2830 enirn
261 2765 370 2831 CIcero
389 2768 519 2832 ineunte
540 2768 687 2832 Sextilitt:
721 2768 785 2845 ,sed
816 2769 959 2833 haustu
991 2770 1113 2851 πυρούς
1141 2767 1185 2841 εἰς
1213 2767 1316 2852 δῆμον

153 2848 319 2913 Athenist‘
352 2847 444 2914 Certe
467 2850 589 2914 Atticus
616 2871 674 2933 per
693 2850 840 2914 Sextilem
860 2858 891 2916 et
913 2853 1128 2934 Septembrem
1149 2853 1182 2916 iu
1205 2852 1316 2915 Itinere

154 2933 225 2996 luit:
248 2931 358 2996 ultimo
373 2933 489 2996 mensis
499 2934 694 3014 Septembris
707 2933 874 2998 dieCicero
891 2937 1013 3017 accepIt
1029 2936 1071 2999 ab
1085 2957 1122 3000 eo
1137 2935 1315 3018 epistulam,

155 3034 220 3096 qua
252 3016 434 3079 nunIIatunr
463 3017 548 3080 eratfl
581 3036 654 3080 eum
687 3016 816 3079 feliciter
848 3017 1030 3098 navigasse,
1068 3039 1150 3166 guae
1181 3017 1316 3100 epletula

154 3098 323 3161 Brundisio
346 3098 421 3162 data
443 3116 510 3162 esse
532 3099 692 3173 viderere
721 3102 819 3181 atque
842 3119 888 3180 pr.
911 3099 951 3162 id.
976 3098 1045 3164 Oet.
1095 3101 1176 3165 icero
1199 3119 1316 3180 cogno-

154 3178 222 3242 vitll
243 3181 385 3244 Atticum
406 3201 435 3245 a.
459 3183 488 3246 d.
511 3183 576 3246 XII.
599 3182 659 3245 kal.
678 3181 746 3246 Oct.
770 3183 828 3262 (τ-
850 3181 1000 3264 l9.Sept.)
1020 3183 1158 3248 Romam
1182 3184 1313 3246 venisse.

237 3311 270 3391 8)
291 3311 380 3396 Epp.
405 3314 454 3379 ad
482 3315 571 3378 farn.
594 3314 670 3390 VIII,
693 3314 730 3378 m
748 3317 781 3376 et
805 3314 850 3378 14.

235 3420 409 3503 Epistulam
431 3421 507 3498 Vlll,
531 3421 570 3484 II
592 3421 659 3485 iure
680 3421 738 3484 vlri
759 3421 842 3486 docti
864 3441 972 3487 mense
994 3422 1172 3505 Septembri
1202 3422 1313 3485 datam
