2954 4874
718 288 756 354 17

155 475 220 558 ipse
239 472 331 538 nobis
351 467 481 533 tradidit
501 464 692 549 (Brut.l,1):
716 465 807 543 ,Cum
830 486 847 531 e
863 464 969 531 Cilicia
986 466 1143 531 decedens
1164 465 1317 532 Rhodum

153 557 311 623 venissem
348 556 379 617 et
414 571 452 614 eo
482 551 560 614 mibi
591 551 631 614 de
656 549 692 626 Q.
721 548 882 613 Hortensii
914 552 1017 614 morte
1049 554 1131 614 esset
1162 550 1316 628 adlatum,

155 641 303 722 opinione
332 635 475 700 omnium
520 635 673 697 maiorem
719 632 827 696 animo
865 633 933 714 cepi
970 632 1131 696 dolorem‘.
1194 631 1317 710 Quibus

154 723 259 786 verbis
282 740 338 785 cur
360 718 438 782 fides
457 735 523 780 non
546 716 694 780 habenda
714 715 771 792 sit,
806 716 953 797 equidem
974 734 1039 778 non
1063 716 1164 779 video.
1207 715 1318 797 Neque

155 805 240 868 enirn
254 799 451 867 Tonstallid)
467 799 611 863 assentiri
636 817 764 880 possum
788 798 935 879 quamvis
956 797 1115 878 ingeniose
1135 798 1318 880 suspicanti,

156 887 341 952 Ciceronem
369 882 495 948 finxisse
514 901 548 945 se
569 880 674 945 Rhodi
697 881 736 944 de
759 879 917 944 Hortensii
937 884 1039 944 morte
1061 881 1226 945 certiorem
1252 899 1320 945 esse

155 971 292 1045 sactum,
323 985 388 1051 quo
414 964 554 1048 pulcrius
581 963 729 1027 evaderet
757 963 955 1044 prooemium
977 963 1046 1027 libri
1070 964 1109 1028 de
1132 964 1320 1042 oratoribus

156 1073 229 1118 cum
252 1055 283 1115 et
305 1070 325 1114 a
346 1049 518 1113 clarissimo
542 1050 667 1110 oratore
689 1048 720 1109 et
735 1064 755 1108 a
770 1046 967 1109 nobilissima
983 1046 1182 1128 eloquentiae
1198 1047 1320 1111 nutrice

155 1136 272 1200 Rhodo
284 1133 406 1197 initium
419 1134 554 1213 caperet.
591 1129 674 1193 Nam
690 1128 747 1191 etsi
761 1128 838 1192 illud
859 1131 945 1192 recte
961 1129 1116 1207 sehabet,
1137 1128 1320 1195 Ciceronem

156 1238 219 1282 non
241 1218 309 1280 sine
330 1233 427 1279 causa
448 1214 490 1278 ab
502 1211 671 1276 Hortensio
686 1229 832 1274 exorsum
853 1231 929 1289 esse,
951 1215 1060 1276 tamen
1081 1212 1224 1277 consulto
1245 1232 1319 1277 eum

155 1300 309 1365 Rhodum
332 1298 393 1361 boc
414 1297 485 1361 loco
506 1313 789 1371 commemorasse,
812 1313 852 1357 ne
873 1293 1006 1357 minimo
1028 1294 1156 1376 quidem
1179 1295 1319 1376 epitheto

156 1384 197 1447 ad
231 1382 352 1445 insulae
385 1378 557 1444 oratoriam
588 1377 716 1440 laudem
746 1379 910 1455 spectante
932 1377 1136 1458 significatur.
1187 1377 1320 1442 Accedit

157 1467 381 1545 argumentum
420 1483 459 1526 ex
492 1465 675 1542 temporum
708 1459 833 1522 ratione
870 1460 1014 1542 petitum.
1078 1459 1201 1525 Scimus
1236 1461 1321 1524 enirn

156 1548 359 1611 Hortensium
395 1545 493 1627 paulo
531 1548 603 1624 post
640 1546 801 1605 mortuum
833 1562 901 1606 esse
935 1562 1033 1625 quam
1066 1542 1231 1607 Dolabella
1264 1544 1322 1607 sibi

157 1631 292 1694 Tulliam
322 1627 512 1709 despondit,
540 1627 692 1707 quoniam
720 1623 761 1687 Μ.
783 1624 907 1688 Caelius
936 1627 969 1689 in
997 1645 1035 1689 ea
1053 1626 1228 1708 epistulall,
1257 1646 1321 1708 qua

158 1713 335 1793 gratulatur
357 1709 501 1774 Ciceroni
533 1727 649 1771 novam
682 1707 884 1785 affinitatem,
916 1709 1021 1772 addit:
1052 1708 1098 1787 ,Q.
1123 1708 1321 1786 Hortensius,

158 1814 231 1857 cum
256 1795 315 1856 has
336 1793 456 1855 litteras
479 1791 604 1871 scripsi,
633 1791 774 1853 animam
804 1791 937 1871 agebat‘.
985 1790 1052 1855 Iam
1074 1811 1149 1855 cum
1171 1793 1211 1856 de
1232 1791 1322 1857 factis

159 1876 359 1958 sponsalibus
387 1874 496 1939 Cicero
525 1894 553 1937 a.
577 1874 606 1936 d.
632 1873 679 1936 ΠΙ.
708 1893 782 1936 non.
814 1873 897 1937 Sext.
924 1874 1055 1938 demum
1085 1874 1180 1940 Sidae
1208 1877 1323 1940 certior

159 1959 262 2022 factus
293 1960 350 2033 sit,
387 1957 412 2020 si
441 1960 525 2020 recte
558 1976 655 2037 supra
691 1956 861 2020 statuimus
897 1976 970 2020 eum
1005 1958 1190 2022 brevissimo
1219 1959 1322 2041 spatio

160 2042 323 2105 interiecto
331 2039 407 2103 Sida
420 2040 572 2103 Rhodum
594 2038 775 2120 perrexisse,
798 2057 904 2102 nonne
927 2058 1055 2120 prorsus
1076 2041 1242 2105 verisimile
1265 2045 1322 2119 est,

159 2126 212 2188 de*
230 2126 332 2187 morte
350 2122 507 2185 Hortensii
536 2123 564 2184 ei
584 2121 743 2185 Rhodum
761 2120 893 2185 allatum
914 2123 1005 2186 esse?
1034 2120 1128 2200 Quod
1151 2124 1176 2188 si
1198 2125 1243 2188 ita
1265 2128 1322 2202 est,

158 2208 301 2288 sequitur
321 2208 358 2269 ut
378 2205 458 2268 haec
481 2204 521 2267 ad
545 2205 687 2267 Atticum
706 2223 755 2285 ep.
777 2204 874 2284 paulo
891 2208 965 2286 post
984 2224 1012 2269 a.
1027 2204 1057 2269 d.
1072 2205 1121 2270 ΠΙ.
1142 2226 1215 2271 non.
1236 2207 1322 2271 Sext.

158 2290 275 2353 Rhodo
304 2290 383 2352 data
410 2289 459 2350 sit.
507 2286 570 2350 Sed
601 2290 690 2362 sunt,
724 2287 778 2367 qui
807 2292 958 2352 censeant
988 2287 1172 2355 Ciceronem
1203 2291 1236 2353 in
1262 2291 1323 2354 bac

159 2373 293 2453 epistula
308 2390 374 2434 non
387 2370 474 2452 loqui
486 2370 526 2432 de
540 2369 708 2432 Hortensio
725 2372 863 2447 mortue,
878 2371 934 2433 sed
952 2371 992 2435 de
999 2371 1170 2437 Hortensio
1181 2377 1320 2453 aegrot0,

158 2455 203 2517 ita
222 2459 267 2531 ut,
285 2455 342 2518 etsi
364 2453 404 2515 de
426 2456 528 2515 morte
551 2453 682 2516 nuntius
702 2452 810 2515 Rhodi
833 2452 963 2517 demum
976 2453 1119 2519 Ciceroni
1139 2455 1253 2520 allatus
1272 2457 1321 2532 sit,

159 2538 237 2600 haec
259 2541 368 2600 tamen
389 2535 522 2616 epistula
542 2539 637 2599 antea
652 2535 728 2598 data
741 2554 808 2598 esse
820 2535 928 2617 possit.
953 2536 1006 2600 Ad
1022 2538 1107 2619 quod
1121 2539 1323 2619 probandum

160 2621 260 2700 ipsam
283 2620 368 2683 illam
391 2618 486 2682 Caelii
508 2618 674 2700 epistolam
695 2617 850 2696 afferunt,
884 2619 917 2683 in
945 2620 1034 2684 cuius
1063 2624 1206 2686 extrema
1231 2625 1323 2704 parte

160 2706 280 2764 exstat:
310 2701 505 2778 ,Hortensius
534 2749 601 2764 ...
631 2701 773 2765 animam
803 2701 939 2782 agebat‘.
996 2702 1048 2768 Sic
1078 2703 1260 2769 Schuetzius
1289 2706 1321 2768 in

161 2785 297 2847 editione
319 2783 525 2865 epistularum
545 2783 719 2847 secundum
738 2785 888 2866 temporis
912 2785 1057 2850 ordinem
1075 2787 1322 2869 dispositarum)

161 2868 203 2930 ad
235 2866 333 2930 verba
362 2864 520 2929 Ciceronis
553 2884 650 2946 supra
678 2866 774 2929 allata
802 2868 866 2946 (,de
886 2866 1056 2932 Hortensio
1084 2872 1117 2934 te
1146 2874 1232 2934 certo
1258 2871 1321 2936 scio

160 2950 266 3014 dolere
289 2969 315 3014 e.
336 2970 366 3032 q.
387 2947 438 3026 s‘)
461 2947 539 3012 haec
560 2949 709 3012 adnotat:
753 2949 803 3024 ,de
825 2948 1011 3031 Hortensio]
1047 2972 1144 3034 quem
1180 2953 1320 3018 animam

159 3052 253 3112 agere
274 3033 444 3114 scripserat
467 3029 590 3095 Caelius
612 3051 660 3113 ep.
677 3031 783 3094 ntn‘u
834 3031 1055 3098 Concedamus
1074 3036 1233 3119 paulisper
1254 3037 1322 3103 fieri

160 3134 261 3196 posse,
277 3119 312 3180 ut
321 3115 430 3179 Cicero
442 3115 474 3177 in
497 3114 630 3196 epistula
645 3114 686 3178 ad
697 3114 839 3178 Atticum
861 3114 937 3179 data
957 3117 1103 3199 respiciat
1115 3119 1157 3184 ad
1173 3122 1322 3186 nuntium

163 3195 308 3261 a‘Caelio
339 3201 521 3278 acceptum:
552 3196 773 3280 quaerendum
802 3197 896 3276 igitur
924 3202 989 3276 est,
1019 3202 1151 3282 quando
1180 3202 1322 3269 Ciceroni

164 3277 217 3341 illa
237 3277 332 3374 Caelii
355 3281 488 3375 epistula
510 3279 704 3377 liddstassst·
751 3278 871 3357 Quodsi
899 3300 1011 3346 verum
1042 3287 1089 3349 est
1119 3287 1226 3351 -de
1257 3308 1322 3370 quo

162 3362 1323 3519 tltestulubitalassa-stul.⁰lbldeltl.lt⁰tnt

162 3547 247 3611 quae
274 3527 421 3590 nuntium
443 3528 483 3592 de
504 3528 723 3610 propinqua
752 3491 855 3593 morte
873 3469 1322 3609 contmet,inceroni)multo’

161 3614 235 3674 ante
268 3610 366 3677 allata
398 3630 465 3674 esse
497 3613 600 3693 potest
625 3629 723 3694 quam
753 3610 906 3676 Rhodum
929 3613 1024 3678 venit.
1082 3617 1165 3682 Nem
1197 3624 1322 3686 constat

162 3691 368 3758 Hortensium
389 3711 564 3776 perpaucos
581 3696 708 3758 tantum
729 3693 795 3758 dies
816 3714 949 3776 aegrum
968 3697 1081 3781 fuisse,
1114 3704 1161 3765 est
1181 3703 1267 3768 enirn
1288 3703 1321 3768 in

252 3831 350 3840 mma-n·-

231 3904 296 3971 a)E
318 3945 324 3958 .
343 3904 378 3958 ad
396 3904 519 3960 Middlet.
541 3923 568 3975 p.
586 3905 626 3960 56.
653 3901 655 3905 ’
677 3928 679 3935 ⁴

231 3971 259 4039 b)
279 3923 316 4028 ci.>
331 3975 367 4028 ad
383 3973 447 4029 fem.
467 3973 541 4040 VIII,
562 3974 594 4029 13
612 3976 680 4030 extr.

233 4043 260 4108 c)
278 4041 328 4107 111,
346 4044 404 4099 299.

231 4109 259 4181 d)
277 4111 311 4167 cf.
329 4112 413 4167 etiam
431 4113 573 4169 Drumann
591 4113 638 4180 Vl,
658 4113 716 4181 181,
735 4113 776 4169 te.
