2954 4874
715 267 754 332 33

154 447 206 512 illo
234 447 284 510 die
305 447 435 511 fortasse
456 447 519 509 iam
542 446 665 510 Romae
692 445 786 510 fuisse
815 445 901 523 (sunt
924 445 1008 507 enim
1032 462 1134 525 paene
1153 443 1194 506 50
1214 439 1314 521 dies);

155 532 194 594 de
216 529 313 593 Cassii
335 550 408 593 vero
434 528 543 591 litteris
572 529 602 590 id
624 529 674 591 vix
704 549 741 591 ac
765 548 804 592 ne
826 529 877 591 vix
899 527 1027 609 quidem
1049 524 1178 589 concedi
1202 527 1314 606 potest.

124 634 127 639 ·
153 612 222 694 lpse
245 612 407 693 quondam
424 616 608 692 putaveram
633 611 723 673 luisse
742 612 772 673 iu
796 610 918 674 codIce:
941 609 981 673 ID
1004 607 1080 672 EST
1101 607 1152 670 ID.
1168 606 1234 670 ΝΟ.
1257 606 1312 686 (2

155 696 186 757 id
209 698 256 757 est
279 694 352 757 idib.
375 691 579 770 Novembri,
612 693 696 774 quod
728 693 844 756 omisso
871 693 972 755 altero
993 690 1033 754 ID
1055 690 1172 754 lectum
1195 693 1275 752 esset
1296 707 1315 752 a

156 777 283 841 librario
298 777 455 858 quodam:
473 775 514 837 ID
523 774 641 838 ESTN.
652 773 688 837 Ο.
701 774 756 854 (=
771 776 802 838 id
812 778 940 837 estnon.
954 773 1052 852 Oct.);
1073 773 1174 837 sedet
1190 772 1269 836 baec
1285 774 1317 833 et

156 859 370 939 Wesenbergii
393 858 575 921 coniectura
597 857 781 920 refelluntur
803 857 855 933 iis,
878 875 961 938 quae
983 856 1127 936 leguntur
1147 855 1178 917 in
1202 875 1251 935 ep.
1274 853 1317 918 ad
1444 922 1449 932 ἢ

150 943 230 1006 Iam.
252 941 335 1016 VIII,
360 942 413 1017 10,
441 959 538 1022 quam
567 937 692 1003 Caelius
720 939 826 1006 Roma
851 937 995 1002 Ciceroni
1022 938 1107 1001 misit
1138 957 1168 1001 a.
1190 936 1219 999 d.
1236 935 1315 1000 XIV.

156 1024 217 1087 kal.
240 1023 312 1087 Ilec.
337 1023 396 1101 (=
422 1023 466 1085 17.
489 1021 591 1102 Nou).
641 1021 696 1084 list
726 1022 757 1083 in
787 1021 848 1084 bac
876 1041 926 1101 ep.
951 1040 1053 1084 sermo
1085 1020 1124 1083 de
1153 1021 1189 1083 iis
1218 1017 1317 1083 Cassii

156 1106 281 1181 litteris,
312 1123 393 1186 quas
421 1105 527 1168 statim
557 1108 726 1185 postquam
757 1102 866 1166 Parthi
893 1103 1088 1184 Euphratem
1123 1102 1317 1166 transierunt

158 1189 199 1252 ad
227 1192 373 1250 senatum
402 1187 484 1250 misit
519 1185 567 1264 (cf.
598 1184 615 1266 ἕ
647 1186 681 1248 1:
712 1205 798 1262 ,sane
829 1204 928 1267 quam
955 1185 1063 1248 litteris
1093 1182 1127 1248 C.
1158 1183 1257 1249 Cassii
1286 1187 1318 1246 et

157 1270 294 1334 Deiotari
322 1288 431 1332 sumus
460 1271 625 1340 commoti;
654 1287 729 1331 nam
759 1266 885 1332 Cassius
914 1267 958 1330 cis
985 1267 1180 1349 Euphratem
1210 1267 1317 1348 copias

156 1352 349 1417 Parthorum
372 1370 439 1413 esse
461 1350 601 1431 scripsit,
631 1349 800 1413 Deiotarus
827 1350 984 1432 profectas
1004 1370 1060 1430 per
1080 1349 1317 1429 Commagenen

157 1437 186 1497 in
201 1435 396 1516 provinciam
415 1431 603 1511 nostram.‘l;
626 1437 760 1513 apparet
775 1433 868 1511 igitur
883 1433 1072 1496 victrices
1088 1431 1184 1496 Cassii
1200 1433 1317 1494 litteras

157 1538 184 1581 a.
207 1518 237 1579 d.
259 1515 339 1579 XIV.
358 1515 416 1578 kal.
435 1515 507 1578 Dec.
524 1515 666 1577 nondum
689 1515 800 1578 allatas
820 1515 931 1593 fuisse;
953 1514 1029 1596 quin
1051 1512 1209 1578 Ciceronis
1232 1514 1318 1578 nulla

157 1601 324 1662 etiamtum
345 1598 479 1678 epistula
501 1601 648 1672 venerat,
681 1600 716 1659 ut
747 1602 855 1678 aperte
877 1597 1000 1661 Caelius
1029 1597 1103 1661 dicit
1132 1598 1163 1660 in
1191 1596 1209 1677 ὅ
1232 1597 1265 1660 2:
1289 1617 1318 1673 ,a

157 1687 188 1744 te
212 1682 332 1743 litterae
354 1699 416 1742 non
441 1683 596 1741 venerunt
618 1727 625 1740 .
649 1725 656 1739 .
678 1727 685 1740 .
708 1699 807 1761 quare
829 1679 884 1743 tibi
902 1679 1039 1755 suade0,
1067 1681 1249 1761 quIcunque
1271 1682 1318 1742 est

158 1765 225 1825 istic
247 1767 348 1824 status
372 1780 488 1836 rerum,
512 1760 673 1839 diligenter
694 1766 725 1824 et
748 1766 839 1825 caute
861 1761 1035 1842 perscribas
1057 1782 1081 1823 e.
1106 1783 1136 1843 q.
1158 1765 1192 1825 s‘
1235 1761 1318 1841 Ergo

158 1865 197 1906 ne
220 1843 321 1906 Idibus
340 1844 467 1925 quidem
489 1842 658 1907 Novembr.
684 1845 823 1908 victrices
840 1843 936 1907 Cassii
952 1842 1174 1926 CIceronisque
1196 1843 1318 1907 litterae

159 1928 330 1990 tumultum
360 1926 542 1988 nuntiantes
574 1925 604 1987 in
628 1930 742 1990 senatu
763 1927 914 1990 recitatae
936 1945 1003 1989 esse
1026 1930 1168 2008 possunt.
1212 1928 1317 1990 Aliam

158 2007 331 2088 corrigendi
354 2009 436 2070 viam
454 2007 656 2070 Hoimannus
677 2010 836 2088 ingressus
858 2012 924 2070 est:
945 2009 1019 2072 dicit
1040 2010 1153 2072 enim·l
1172 2010 1318 2091 expositis

157 2092 215 2154 loci
239 2089 489 2153 difficultatibus:
524 2089 615 2153 »Man
637 2091 715 2153 wird
743 2091 809 2154 also
831 2090 915 2155 wohl
945 2092 978 2154 in
1003 2091 1060 2154 der
1088 2092 1202 2172 obigen
1223 2092 1318 2155 Stelle

156 2175 278 2236 datae
300 2191 372 2236 non.
386 2172 454 2235 Oct.
472 2176 575 2235 setzen
598 2176 726 2236 nriissen
748 2177 825 2236 statt
845 2173 884 2237 id
906 2177 967 2236 est
988 2175 1079 2237 nonis
1100 2173 1319 2238 Octobribus«.

156 2256 310 2319 Palmaris
343 2254 543 2330 emendatio,
596 2274 694 2336 quam
731 2256 839 2337 paucis
872 2255 978 2320 fulcire
1010 2256 1154 2320 studebo.
1222 2257 1319 2321 Cassii

159 2338 275 2401 litteras
296 2337 437 2400 victrices
456 2355 530 2399 non.
540 2335 608 2399 Oct.
619 2337 711 2401 datas
734 2357 800 2401 esse
824 2357 924 2419 posse,
946 2341 1031 2402 etex
1054 2339 1097 2402 eis
1119 2359 1202 2421 quae
1222 2358 1319 2421 supra

157 2421 197 2483 de
217 2424 358 2500 tempore
372 2419 520 2482 victoriae
536 2421 667 2500 exposui
688 2425 832 2501 apparet,
854 2424 885 2483 el
905 2421 973 2501 ipse
983 2420 1184 2485 Hofmannus
1204 2421 1318 2507 docuit.

157 2503 219 2568 Sed
238 2506 402 2583 praeterea
422 2505 453 2563 et
474 2501 758 2565 demonstrandum
780 2506 849 2566 erat
870 2503 1010 2584 potuisse
1024 2501 1209 2568 Ciceronem
1222 2503 1319 2568 Cassii

158 2587 305 2649 datarum
328 2584 502 2647 litterarum
529 2584 605 2647 scire
627 2585 729 2660 diem,
758 2589 788 2648 et
819 2604 916 2649 causa
948 2585 1126 2664 afferenda,
1153 2605 1210 2650 cur
1239 2587 1320 2650 veri-

156 2667 254 2731 simile
276 2669 357 2729 esset.
380 2665 561 2729 Ciceronem
589 2667 650 2737 hoc
680 2668 748 2731 loco
769 2669 852 2731 diem
874 2667 961 2732 illum
984 2668 1150 2732 addidisse.
1211 2669 1319 2751 Atque

158 2751 244 2832 prius
266 2749 394 2830 quidem
417 2747 504 2810 nullo
523 2749 666 2829 negotio:
688 2769 763 2812 nam
784 2754 870 2813 etex
892 2769 942 2832 ep.
965 2751 1007 2814 ad
1029 2751 1103 2814 lam.
1117 2751 1183 2827 XV,
1208 2753 1247 2815 14
1267 2752 1315 2834 §1

157 2832 375 2912 cognoscimus
404 2827 589 2894 Ciceronem
619 2835 651 2894 et
672 2831 814 2896 Cassium
849 2833 1024 2897 litterarum
1047 2835 1238 2899 commercio
1259 2836 1319 2898 boc

155 2919 300 2996 tempore
324 2932 395 2976 usos
417 2932 501 2988 esse,
542 2916 573 2976 et
594 2914 697 2994 potuit
719 2912 828 2978 Cicero
851 2914 936 2978 diem
956 2915 1043 2978 illum
1063 2916 1204 2980 invenire
1228 2917 1258 2981 in
1281 2936 1320 2982 ea

156 2998 299 3080 epistula,
319 3014 417 3077 quam
432 2995 537 3059 Roma
559 2996 682 3061 dehac
704 3017 739 3060 re
761 3001 935 3077 acceperat.
987 2995 1140 3064 Consulto
1161 3018 1237 3063 vero
1259 3000 1319 3065 lroc

157 3081 224 3143 loco
253 3079 435 3142 Ciceronem
467 3098 747 3154 commemorasse,
782 3099 847 3161 quo
876 3079 926 3144 die
948 3077 1047 3144 Cassii
1079 3081 1214 3163 epistula
1243 3082 1319 3147 data

158 3166 255 3237 esset,
285 3161 360 3224 milri
387 3180 572 3241 persuasunr
606 3165 667 3237 est;
697 3163 794 3242 ipsius
827 3162 910 3224 enim
940 3161 1074 3244 epistula
1103 3163 1318 3228 sollicitudinis

157 3243 252 3326 plena
274 3243 353 3305 inter
371 3261 399 3305 a.
420 3243 448 3306 d.
471 3241 547 3306 Xlll.
571 3248 600 3306 et
621 3242 674 3307 Xl.
695 3243 723 3306 k.
745 3242 812 3306 Oct.
835 3243 911 3308 data
933 3248 1018 3320 erat,
1042 3245 1082 3308 de
1097 3264 1162 3328 qua
1184 3265 1217 3310 re
1239 3247 1319 3311 arni·

158 3345 230 3390 cum
252 3323 377 3387 edocuit
393 3325 423 3387 in
439 3344 488 3406 ep.
499 3325 535 3400 V,
548 3327 585 3388 18
599 3324 642 3406 §1
668 3325 740 3406 (,his
760 3326 800 3390 de
823 3326 916 3390 rebus
934 3327 1042 3410 scripsi
1065 3328 1107 3392 ad
1128 3330 1316 3410 senatum‘);

158 3425 355 3491 quamquam
382 3408 474 3488 igitur
495 3405 592 3471 Cassii
613 3408 810 3472 victrices
842 3409 963 3474 litterae
992 3409 1093 3474 multo
1116 3415 1200 3492 post,
1226 3413 1318 3476 nonis

157 3494 287 3555 demum
309 3487 395 3567 Oct,
424 3490 519 3554 datae
542 3493 650 3567 erant,
677 3494 785 3555 tamen
815 3491 863 3555 his
889 3494 1019 3557 senatus
1042 3492 1194 3557 miuorem
1221 3494 1318 3559 iidem

156 3574 330 3646 babuerat;
353 3573 390 3635 cl.
413 3572 448 3648 V,
471 3573 508 3636 21
531 3571 550 3653 ἕ
572 3573 608 3636 I:
637 3573 745 3651 ,Axius
768 3577 876 3638 noster
903 3576 947 3638 ait
974 3579 1099 3639 nostras
1123 3578 1319 3642 auctoritatIs
1389 3614 1392 3618 ⁴

157 3656 266 3738 plenas
287 3655 392 3730 fuisse,
412 3653 468 3717 illis
490 3659 583 3735 negat
605 3656 779 3719 creditum‘
800 3691 833 3700 —
856 3654 976 3733 Quodsi
998 3658 1091 3722 nonis
1106 3657 1175 3723 Oct.
1191 3656 1318 3725 Cassius

158 3739 198 3802 ad
220 3743 367 3802 senatum
386 3736 517 3817 scripsit,
539 3741 595 3801 aut
616 3738 733 3801 ultimis
750 3737 944 3821 Septembris
964 3744 1020 3804 aut
1042 3740 1151 3823 prImis
1171 3740 1318 3808 Octobris

160 3819 270 3884 diebus
296 3840 369 3884 eum
390 3817 526 3883 Parthos
546 3819 654 3884 vicisse
676 3824 826 3902 apparet;
858 3823 1066 3903 nequeenim
1089 3824 1316 3904 dubilabimuS,

158 3903 234 3984 quin
255 3902 417 3985 perpaucis
435 3900 546 3966 diebus
561 3906 633 3984 post
645 3906 841 3986 reportatam
856 3903 1021 3969 victoriam
1038 3906 1179 3972 victrices
1199 3907 1317 3975 litteras

163 4031 351 4040 -u-ss

228 4080 256 4146 a)
276 4077 374 4135 Philol.
394 4081 444 4136 XV
464 4099 492 4152 p.
511 4081 569 4137 666.
589 4081 648 4138 667.
