2954 4874
719 264 761 330 25

156 391 344 529 aptium
364 443 498 527 respicit,
519 463 592 507 cum
607 443 697 507 dicit:
718 463 824 524 ,prope
845 443 960 507 oblitus
979 462 1051 507 sum
1072 445 1159 526 quod
1180 446 1318 513 maxime

156 530 215 594 luit
233 528 454 594 scribendum:
477 527 536 590 scis
557 525 696 607 Appium
719 545 884 590 censorem
907 524 957 589 hic
977 529 1100 591 ostenta
1125 528 1243 591 facere:
1276 531 1317 595 de

155 613 252 694 signis
273 616 304 675 et
325 610 450 687 tabulis,
472 607 511 672 de
533 611 598 688 agri
619 608 731 685 mod0,
752 609 791 671 de
813 627 886 672 aere
906 608 1010 673 alieno
1029 610 1180 674 acerrime
1200 615 1317 692 agere?

155 713 343 778 persuasum
365 696 412 757 est
434 692 472 769 ei,
495 709 662 754 censuram
687 691 862 755 lomentum
886 695 943 754 aut
965 692 1082 755 nitrum
1104 711 1190 756 esse:
1213 713 1318 760 errare

156 777 233 842 mibi
254 777 396 854 videtur,
417 794 492 838 nam
512 775 589 837 dum
612 773 714 836 sordis
735 774 839 837 eluere
860 773 940 849 vult,
963 793 1062 838 venas
1083 775 1142 838 sibi
1164 779 1266 841 omnis
1287 783 1318 842 et

155 861 276 928 viscera
294 859 405 940 aperit.
427 875 519 920 curre
540 876 597 938 per
614 858 690 919 deos
710 860 807 938 atque
822 856 984 920 homines!
1007 861 1039 920 et
1060 877 1157 938 quam
1179 861 1319 940 primurn

154 943 234 1007 baec
254 942 349 1005 risum
372 940 453 1017 veni,
474 939 576 1019 legis
596 938 831 1003 Scantiniae
854 939 1044 1003 iudicium
1072 941 1160 1022 apud
1181 941 1318 1008 Drusum

155 1026 241 1102 lieri,
272 1024 414 1106 Appium
436 1023 477 1086 de
498 1021 614 1085 tabulis
634 1024 665 1084 et
685 1022 781 1101 signis
803 1040 912 1102 agere;
938 1021 1031 1086 crede
1054 1023 1149 1101 mihi,
1178 1031 1226 1088 est
1245 1046 1319 1108 pro·

156 1107 358 1190 perandumt‘
402 1104 486 1183 Quid
514 1104 629 1183 igitur?
676 1103 790 1168 Nonne
818 1109 926 1186 aperte
956 1104 1036 1168 haec
1064 1105 1163 1170 verba
1192 1108 1319 1188 docent,

156 1190 325 1273 epistulam
347 1188 422 1266 Vlll,
435 1188 474 1250 lt
493 1191 566 1269 post
586 1186 678 1250 ludos
700 1184 872 1262 Circenses,
894 1193 968 1269 post
985 1186 1120 1270 ep.VlIl‚
1133 1189 1170 1252 m
1192 1193 1321 1256 missam

156 1275 245 1338 esse?
278 1271 428 1349 Quonam
457 1269 552 1333 modo
575 1266 683 1332 Cicero
710 1269 891 1350 intellegere
917 1270 1030 1350 potuit,
1061 1290 1144 1353 quae
1166 1275 1320 1355 oppositio

155 1356 364 1421 intercederet
398 1353 480 1416 inter
515 1352 590 1432 legis
621 1351 804 1415 Scantiniae
838 1350 988 1415 iudicium
1028 1354 1059 1416 et
1091 1373 1217 1419 severas
1246 1357 1316 1422 illas

154 1439 249 1521 Appii
281 1437 417 1501 censoris
438 1435 590 1511 actiones
619 1434 678 1497 nisi
708 1438 804 1497 antea
832 1434 872 1497 de
900 1453 938 1498 eo
965 1435 1079 1499 iudicio
1110 1439 1222 1503 certior
1251 1443 1318 1504 erat

154 1522 278 1586 iactus?
300 1520 361 1583 Per
382 1517 613 1600 oppositionem
635 1519 744 1579 autern
766 1515 911 1581 Caelium
932 1536 971 1582 ea
990 1519 1089 1583 verba
1111 1520 1319 1601 coniunxisse,

154 1608 191 1668 ut
210 1601 401 1682 significaret
435 1600 573 1680 Appium
606 1599 663 1662 etsi
692 1599 793 1680 ipsum
827 1599 1024 1664 foedissimae
1055 1602 1100 1664 rei
1132 1608 1321 1670 accusatum

154 1691 263 1750 tamen
283 1703 381 1766 quam
401 1683 552 1746 acerrime
573 1700 607 1744 se
629 1700 737 1760 gerere
758 1682 952 1761 incensum,
974 1683 1044 1765 quis
1065 1687 1111 1748 est
1132 1685 1187 1769 qui
1207 1691 1320 1768 neget?

238 1789 383 1871 Apparet
403 1789 513 1869 igitur,
541 1787 653 1851 iniuria
670 1787 826 1870 Langium
856 1789 1034 1854 existimare
1055 1791 1222 1874 epistulam
1244 1795 1320 1876 Vlll,

157 1872 194 1935 14
217 1876 292 1936 ante
316 1871 389 1948 Vlll,
418 1871 455 1933 m
474 1890 541 1934 esse
560 1871 686 1944 datam3
710 1876 806 1953 atque
829 1890 870 1936 ne
892 1872 934 1935 ad
956 1892 1099 1938 mensem
1119 1875 1248 1941 tunium
1271 1881 1321 1944 vel

154 1956 317 2018 ineuntem
341 1953 510 2031 Quintilem
540 1971 611 2017 eam
637 1953 827 2032 referamus,
856 1955 944 2036 quod
964 1955 1033 2019 vult
1053 1956 1227 2040 bangius),
1252 1961 1320 2027 aliis

153 2055 282 2120 quoque
303 2036 406 2101 causis
428 2035 629 2118 impedimur.

233 2142 317 2207 Nam
332 2142 382 2206 illo
399 2145 543 2224 tempore
553 2141 695 2223 Appium
709 2142 852 2205 nondum
869 2143 1005 2207 censoris
1022 2163 1154 2211 munere
1175 2149 1320 2218 functum
1353 2180 1356 2187 ·

153 2245 220 2290 esse
237 2226 457 2289 demonstrare
482 2223 558 2286 mihi
581 2224 691 2286 videor
710 2244 810 2305 posse.
853 2223 1060 2308 Quamquam
1081 2227 1219 2311 Langius
1249 2236 1319 2317 qui-

154 2309 251 2371 deml)
272 2308 335 2372 iarn
358 2309 487 2371 ineunte
508 2306 592 2370 Maio
615 2324 760 2370 censores
778 2307 931 2390 (Appium
952 2313 983 2373 et
1007 2310 1173 2392 Pisonem)
1193 2322 1316 2382 creatos

152 2410 219 2454 esse
239 2394 348 2474 putat,
376 2393 556 2454 commotus
577 2389 630 2465 iis,
666 2408 749 2470 quae
779 2391 810 2453 in
832 2410 903 2472 epp.
927 2392 969 2455 ad
992 2391 1067 2457 fam.
1090 2393 1145 2473 Ill,
1166 2397 1204 2460 10
1225 2403 1257 2462 et
1280 2402 1316 2465 11

155 2473 194 2536 de
225 2493 264 2539 ea
297 2493 331 2536 re
359 2472 515 2554 leguntur.
567 2471 680 2535 Scribit
704 2472 788 2535 enim
818 2471 926 2537 Cicero
949 2474 1078 2539 ineunte
1106 2497 1215 2544 mense
1235 2482 1319 2548 Maio

152 2555 215 2630 llll,
239 2557 278 2620 10
299 2554 317 2636 ἕ
336 2554 385 2634 3):
408 2555 443 2632 ‚si
466 2574 542 2619 vero
564 2554 716 2631 effeceris
738 2560 774 2619 ut
792 2575 938 2620 censores
959 2563 1105 2624 creentur
1195 2562 1226 2644 (ἕ
1251 2566 1319 2646 tlt:

153 2643 194 2714 ,te
214 2640 299 2702 enirn
321 2641 357 2700 ut
378 2657 470 2719 spero
492 2637 675 2719 propediem
699 2656 863 2702 censorem
883 2640 1071 2705 audiemus‘.
1119 2642 1319 2724 Cognoverat

153 2720 250 2866 titt
270 2719 393 2866 ilii
414 2719 1164 2874 tittttltttttrtttttrmitti
1182 2731 1319 2879 lubili

995 2855 1003 2884 ,
1165 2856 1173 2872 .

155 2885 307 2967 epistulae
328 2883 420 2959 lll,11
447 2884 647 2965 praescribit:
670 2885 785 2966 ,Appio
804 2886 953 2964 Pulchre,
977 2892 1022 2953 ut
1048 2910 1175 2972 spere,
1197 2900 1317 2963 censori

153 2971 188 3031 s.‘
210 2973 308 3050 atque
336 2967 477 3030 similiter
509 2968 540 3030 in
570 2970 648 3030 extr.
666 2986 715 3048 ep.
739 2968 867 3048 legitur:
902 2971 982 3046 ,vale
1010 2975 1042 3036 et
1070 2973 1100 3036 in
1123 2993 1256 3042 censura
1278 3015 1318 3026 -

152 3051 184 3113 si
214 3052 293 3115 iam
320 3066 361 3113 es
383 3068 527 3113 censor
548 3052 590 3112 ut
611 3069 728 3132 spero
754 3085 793 3094 —
816 3052 855 3115 de
876 3071 996 3132 proavo
1019 3056 1157 3121 multum
1180 3063 1317 3141 cogitato

153 3135 227 3195 tuo‘.
258 3133 305 3196 Ex
324 3151 388 3214 quo
404 3137 547 3214 apparet,
568 3151 670 3214 usque
691 3133 733 3196 ad
753 3135 919 3196 exeuntem
932 3134 1059 3200 lunium
1078 3137 1168 3220 (nam
1182 3150 1317 3211 exeunte

153 3213 219 3277 fere
245 3215 337 3278 lunio
367 3235 415 3296 ep.
439 3215 497 3291 lll,
523 3216 557 3278 11
583 3215 660 3279 data
682 3215 743 3293 est)
766 3215 844 3278 nihil
875 3218 950 3280 certi
973 3217 1116 3284 Ciceroni
1149 3224 1189 3286 de
1218 3246 1255 3291 ea
1283 3249 1317 3295 re

152 3296 285 3361 allatum
308 3297 409 3360 luisse.
460 3297 536 3361 lnde
556 3317 648 3374 vero,
679 3298 765 3379 quod
785 3297 895 3362 Cicero
915 3302 1120 3382 urbanitatis,
1150 3325 1190 3370 ne
1212 3310 1316 3376 dicam

152 3379 365 3444 adulationiscl
386 3399 482 3443 causa
503 3381 561 3442 sibi
585 3379 672 3443 cordi
696 3399 763 3442 esse
784 3381 880 3463 Appii
903 3382 1090 3463 dignitatem
1112 3386 1157 3452 bis
1178 3392 1317 3472 epistulis
1358 3390 1362 3399 ’

150 3464 306 3540 ostentat,
333 3462 373 3525 de
390 3467 533 3544 tempore
556 3462 723 3526 creationis
745 3463 823 3526 nihil
845 3465 991 3531 concludi
1015 3467 1118 3535 debet.
1160 3471 1316 3554 Sperabat

219 3670 246 3735 a)
264 3667 282 3721 l.
301 3667 319 3722 l.
337 3685 364 3738 p.
384 3668 444 3733 396,
462 3671 487 3724 5.

220 3736 249 3804 b)
268 3736 285 3791 l.
307 3737 324 3791 l.
343 3755 370 3808 p.
388 3738 448 3802 397,
467 3740 492 3793 8.

220 3808 245 3874 c)
265 3806 440 3876 Quantopere
458 3806 594 3863 Ciceronis
611 3808 769 3866 interfuerit
786 3826 891 3877 cavere,
909 3829 944 3868 ne
955 3810 1046 3884 Appii,
1065 3811 1184 3870 hominis
1201 3818 1315 3876 nobilis-

151 3870 212 3926 simi
231 3873 407 3945 eiusdemque
426 3876 508 3931 amici
528 3878 607 3932 Bruti
630 3879 805 3962 Pompeique,
825 3898 843 3935 a
860 3898 889 3936 se
907 3882 1042 3938 alienaret
1059 3885 1231 3942 voluntatem
1248 3892 1315 3947 satio

151 3945 268 3998 constat.
310 3945 349 4001 De
374 3963 416 4015 ep.
439 3947 475 4000 ad
492 3946 612 4016 Appium
631 3948 680 4015 111,
701 3951 732 4003 10
753 3968 814 4019 ipse
837 3951 930 4007 (licere
948 3952 1040 4008 Caelio
1066 3955 1163 4010 scribit
1187 3959 1233 4027 (ad
1250 3960 1315 4015 fam.

155 4009 189 4075 H,
209 4012 248 4076 15,
268 4013 307 4079 2l:
337 4015 411 4084 ,quid
430 4015 453 4070 oi
472 4033 562 4072 meam
581 4016 673 4088 legno,
700 4035 782 4087 quam
803 4021 932 4091 agotum
951 4039 985 4078 ex
1003 4021 1060 4079 tuis
1079 4023 1180 4081 litteris
1197 4027 1260 4083 misi
1279 4031 1315 4087 ad

152 4079 291 4152 Appium?
308 4084 430 4153 sedquid
448 4085 539 4157 agas?
557 4084 605 4142 sio
623 4087 800 4144 viriturt‘.
