2954 4874
839 252 878 316 16

277 427 506 493 stomachosius
523 428 681 509 sponsalia
702 430 879 508 gratulatus
903 433 987 506 erat3
1018 428 1097 512 ctg
1125 431 1157 494 l:
1191 434 1351 514 »gratulor
1379 437 1437 502 tibi

276 512 364 592 prius
387 549 425 557 —
448 513 491 576 ita
520 511 604 574 enim
632 531 740 575 rerum
766 513 845 576 ordo
865 514 1005 594 postulat
1026 551 1066 559 —
1087 514 1201 577 deinde
1222 517 1264 580 ad
1287 537 1338 580 me
1360 539 1438 583 con-

277 597 411 658 vertar«.
446 594 521 675 §22
546 613 623 672 »ego
643 614 718 657 vero
742 595 835 658 velim
854 597 930 659 mihi
952 596 1137 678 Tulliaeque
1157 616 1264 676 meae,
1292 601 1373 664 sicut
1393 607 1437 667 tu

276 679 517 741 amicissime
546 680 582 739 et
610 679 853 741 suavissime
884 682 1016 760 eptae,
1045 699 1194 763 prospere
1222 684 1437 750 evenire...

279 778 384 840 neque
416 762 499 824 enim
533 759 651 822 tristius
680 760 782 824 dicere
808 762 980 842 quicquam
1010 758 1110 827 debeo'
1133 764 1172 826 de
1195 782 1232 828 ea
1255 785 1307 841 re,
1337 788 1435 849 quam

275 844 318 904 tu
340 845 423 925 ipse
444 842 646 906 ominibus
667 844 831 925 optimis
849 846 1137 926 prosequeris«.
1168 845 1319 929 Apparet,
1342 852 1438 933 Appii

277 926 444 1006 epistulam
466 925 657 989 continuisse
680 926 819 1007 aliquem
841 928 989 990 nuntium
1011 929 1051 991 de
1070 927 1191 992 Tulliae
1222 933 1437 1011 sponsalibus:

275 1027 334 1071 nec
362 1012 469 1072 tamen
496 1008 582 1089 prius
607 1027 704 1089 quam
732 1028 762 1072 a.
794 1009 824 1072 (1.
854 1009 901 1072 lll.
923 1029 998 1073 non.
1019 1010 1104 1074 Sext.
1134 1011 1173 1074 de
1207 1032 1245 1077 ea
1269 1033 1304 1077 re
1331 1014 1439 1083 Cicero

275 1093 388 1155 certior
405 1094 507 1156 factus
528 1110 594 1153 esse
613 1091 747 1167 videtur,
768 1092 923 1173 siquidem
946 1093 1067 1157 litterae
1089 1113 1118 1156 a.
1140 1094 1170 1157 (1.
1191 1094 1240 1159 lll.
1254 1115 1328 1160 non.
1350 1098 1435 1164 Sext.

274 1193 294 1237 a
315 1176 397 1239 suis
417 1174 560 1238 redditae
575 1172 709 1236 ⁴fuerunt
728 1175 860 1255 primae,
883 1174 998 1256 quibus
1017 1176 1068 1240 ille
1089 1176 1220 1241 nuntius
1241 1179 1274 1242 in
1295 1180 1434 1247 Ciliciam

274 1259 414 1336 perlatus
445 1261 508 1336 est3
544 1260 738 1338 quapropter
767 1258 935 1320 verisimile
951 1258 1049 1322 videri
1071 1260 1186 1339 possit,
1209 1260 1303 1343 Appii
1326 1268 1437 1342 gratu·

274 1340 368 1404 lautis
387 1339 546 1422 sponsalia
567 1339 736 1420 epistulam
756 1344 868 1420 postea
885 1340 1016 1403 demum
1039 1341 1166 1405 allatam
1189 1361 1270 1408 esse:
1303 1348 1388 1426 quod
1410 1351 1436 1412 si

273 1422 318 1486 ita
344 1427 407 1500 est,
431 1422 589 1487 Ciceronis
619 1442 806 1503 responsum
844 1442 872 1485 a.
901 1423 931 1485 (1.
960 1423 1008 1485 111.
1030 1443 1104 1488 non.
1128 1424 1212 1489 Sext.
1233 1427 1345 1491 datum
1371 1450 1437 1494 esse

274 1507 394 1587 nequit.
445 1506 480 1568 ld
510 1505 716 1586 quodetiam
746 1506 835 1586 sequi
864 1506 989 1569 videtur
1015 1527 1053 1570 ex
1080 1507 1184 1570 verbis
1207 1507 1240 1589 (ἓ
1260 1509 1312 1588 ll:
1353 1513 1436 1577 »dixi

273 1590 403 1652 statim
418 1588 579 1662 Servilio«,
603 1607 675 1651 cum
690 1588 780 1651 facile
794 1588 1021 1652 subaudiatur:
1046 1592 1096 1652 »et
1113 1609 1211 1667 nunc
1229 1591 1286 1655 tibi
1301 1594 1435 1660 scribo«.

274 1671 351 1734 Fieri
374 1672 463 1752 igitur
485 1673 606 1752 potest,
638 1675 674 1733 ut
699 1671 778 1734 haec
802 1670 843 1734 ad
865 1671 1005 1753 Appium
1028 1672 1162 1754 epistula
1190 1675 1286 1755 paulo
1311 1683 1384 1758 post
1405 1700 1435 1744 a,

274 1755 304 1817 (1.
332 1755 381 1817 ΠΙ.
415 1773 488 1818 non.
517 1753 602 1817 Sext.
624 1753 742 1816 Rhodo
778 1754 876 1817 missa
906 1757 955 1816 sit.
1011 1754 1215 1838 Quamquam
1254 1778 1312 1839 pro
1350 1765 1436 1826 certo

272 1837 428 1901 affirmari
456 1836 582 1917 nequit,
618 1837 712 1917 Appii
750 1835 918 1917 epistulam
954 1841 1026 1918 post
1062 1838 1151 1901 illum
1181 1839 1265 1903 diem
1291 1841 1435 1908 Ciceroni

273 1920 403 1984 allatam
425 1939 507 1983 esse:
541 1919 644 2000 potuit
666 1919 749 1981 enim
770 1919 892 2000 Appius
910 1920 1006 1982 etiarn
1031 1923 1106 1984 ante
1138 1921 1251 1986 facta
1276 1928 1435 2006 sponsalia

273 2003 460 2066 affinitatem
498 2002 649 2082 gratulari
680 2001 786 2083 aliquo
816 2006 976 2083 tempore,
1014 2022 1087 2066 cum
1115 2022 1153 2066 ea
1184 2024 1235 2068 res
1267 2008 1434 2074 etiamtum

272 2086 396 2149 Romae
427 2084 631 2149 aDolabella
660 2089 691 2148 et
718 2085 901 2148 mulieribus
928 2089 1094 2165 ageretur,
1123 2086 1179 2149 sed
1207 2087 1252 2151 ita
1278 2096 1434 2170 ageretur,

271 2172 308 2230 ut
330 2169 434 2233 lutura
455 2187 523 2231 esse
545 2168 704 2248 sponsalia
724 2171 909 2249 appareret:
933 2188 1033 2251 quare
1054 2172 1163 2235 utrum
1178 2169 1258 2235 haec
1274 2171 1434 2240 Ciceronis

273 2251 315 2313 ad
335 2252 476 2332 Appium
503 2250 636 2331 epistula
659 2249 754 2314 Sidae
782 2270 811 2314 a.
834 2250 864 2313 (1.
885 2250 933 2313 ΠΙ.
955 2270 1030 2316 non.
1054 2251 1138 2316 Sext.
1156 2271 1199 2316 an
1226 2255 1323 2335 paulo
1360 2267 1434 2338 post

272 2333 379 2398 Rhodi
397 2333 576 2414 conscripta
595 2332 642 2408 sit,
664 2353 730 2396 non
752 2333 997 2398 diiudicaverim.

354 2440 416 2522 Ep.
438 2438 488 2503 ad
509 2439 692 2511 Atticum
711 2438 763 2516 VI,
781 2440 810 2502 6.

245 2603 248 2607 ,
353 2547 481 2627 Legitur
502 2547 535 2609 in
555 2547 621 2610 eius
639 2565 687 2628 ep.
711 2544 729 2627 ἓ
753 2546 786 2608 1:
815 2544 900 2626 »Ego
928 2544 1006 2608 dum
1037 2545 1070 2609 in
1099 2546 1263 2627 provincia
1285 2550 1431 2615 omnibus

271 2631 367 2693 rebus
387 2630 528 2711 Appium
551 2648 647 2703 omo,
676 2628 779 2692 subito
799 2647 871 2690 sum
892 2627 992 2691 factus
1013 2630 1205 2693 accusatoris
1226 2631 1291 2694 eius
1313 2652 1430 2696 socen«

272 2713 425 2777 Nuntium
449 2713 543 2792 igitur
564 2711 673 2775 Cicero
692 2714 875 2792 acceperat,
907 2710 1104 2775 Dolabellam
1138 2713 1199 2777 sibi
1229 2714 1433 2796 despondisse

272 2796 425 2871 Tulliam,
452 2796 548 2876 ipsius
575 2794 682 2858 filiam.
732 2792 793 2870 Qui
824 2793 955 2857 nuntius
977 2792 1119 2859 Ciceroni
1148 2796 1262 2860 allatus
1284 2802 1332 2860 est
1350 2817 1378 2860 a.
1400 2799 1430 2859 (1.

270 2878 318 2942 lll.
337 2898 411 2942 non.
434 2877 530 2954 Sext,
552 2896 625 2956 cum
644 2875 686 2940 ad
702 2876 811 2940 Sidam
833 2877 908 2940 navi
929 2879 1117 2954 accessisset,
1138 2877 1171 2940 id
1193 2879 1279 2958 quod
1296 2882 1430 2959 apparet

272 2982 311 3024 ex
332 2981 382 3043 ep.
405 2961 446 3024 ad
469 2961 544 3024 fam.
566 2959 614 3036 lll,
640 2960 677 3023 1⁶2
700 2958 765 3041 §A
808 2959 967 3040 Sequitur,
988 2963 1024 3023 ut
1042 2964 1099 3024 aut
1113 2960 1182 3039 ipso
1205 2959 1256 3021 illo
1279 2959 1329 3021 die
1350 2960 1430 3022 haec

71 3115 76 3122 ,
165 3090 168 3095 -
271 3045 312 3107 ad
322 3044 463 3109 Atticum
482 3063 529 3125 ep.
543 3043 618 3106 data
635 3043 684 3119 sit,
707 3047 766 3106 aut
785 3045 869 3106 certe
889 3059 953 3104 non
977 3043 1077 3105 multo
1095 3044 1181 3122 post:
1203 3058 1280 3103 nam
1294 3041 1429 3121 primam

272 3146 344 3191 eam
367 3146 433 3190 esse
455 3145 581 3200 earum,
614 3145 694 3208 quas
723 3128 833 3207 postea
857 3122 964 3186 Cicero
990 3124 1031 3186 ad
1053 3123 1193 3186 Atticum
1222 3123 1306 3185 misit
1333 3144 1431 3205 quam

273 3211 313 3274 (19
334 3209 498 3291 provincia
520 3209 661 3284 decessit,
683 3209 848 3290 perspicue
871 3207 1072 3286 cognoscitur
1094 3225 1133 3269 ex
1149 3205 1194 3282 iis,
1216 3206 1351 3286 quaein
1373 3206 1391 3287 ξ
1413 3209 1431 3270 3

272 3296 303 3357 et
330 3293 352 3355 4
384 3291 458 3356 dicit
488 3293 527 3357 de
557 3289 682 3354 Coelio:
721 3310 798 3354 »nos
825 3289 1005 3371 provinciae
1035 3287 1243 3370 praefecimus
1272 3285 1431 3352 Coelium:

273 3394 418 3457 puerum,
443 3375 564 3457 inquies
583 3394 609 3436 e.
622 3394 653 3455 q.
662 3382 705 3436 si<
746 3372 806 3436 Vix
827 3373 920 3454 igitur
941 3369 1116 3448 credemus,
1138 3370 1222 3434 hanc
1240 3388 1289 3451 ep.
1309 3372 1431 3434 multo

272 3461 344 3605 post
360 3457 510 3521 traditam
534 3457 728 3538 provinciam
752 3491 791 3499 —
812 3453 971 3518 tradenda
989 3458 1098 3517 autem
1121 3456 1189 3517 erat
1210 3472 1238 3515 a.
1256 3454 1286 3516 d.
1305 3453 1352 3515 ΠΙ.
1370 3453 1429 3515 kal.

296 3546 357 3605 ext.
376 3540 543 3604 -datam
561 3559 638 3602 csse.
676 3538 738 3602 Sed
762 3557 818 3601 cur
834 3536 928 3600 Sidae
945 3555 975 3599 a.
985 3536 1015 3599 (1.
1026 3536 1073 3599 Ill.
1082 3535 1250 3599 nonSext.
1265 3535 1430 3615 epistulam

273 3623 421 3785 scriptam
451 3642 517 3687 esse
535 3622 641 3686 minus
663 3621 796 3685 libenter
815 3618 1019 3695 crediderim,
1051 3638 1147 3682 causa
1169 3618 1248 3681 baec
1269 3621 1323 3680 est.
1376 3617 1431 3680 Est

272 3706 304 3770 in
365 3705 498 3771 textu:
531 3704 589 3768 »(19
610 3703 778 3768 Hortensio
806 3707 838 3766 te
868 3706 952 3766 certo
972 3702 1036 3765 scio
1058 3702 1179 3776 dolere,
1207 3699 1355 3782 equidem
1377 3720 1431 3763 ex-

273 3787 414 3851 crucior:
451 3786 613 3851 decreram
644 3787 728 3851 enim
762 3805 835 3849 cum
874 3804 912 3848 eo
941 3785 1032 3849 valde
1066 3784 1263 3847 familiariter
1297 3783 1430 3846 vivere«

274 3869 364 3951 Quae
398 3870 495 3935 verba
530 3870 606 3952 quin
644 3871 685 3934 ad
714 3869 895 3932 nuntiatam
927 3866 1087 3932 Hortensii
1115 3870 1252 3930 mortem
1281 3868 1433 3946 spectent,

273 3952 420 4035 equidem
448 3953 593 4017 dubitare
619 3972 685 4017 non
713 3970 851 4033 possum.
904 3951 1058 4015 Nuntium
1089 3969 1165 4013 vero
1197 3949 1236 4012 de
1265 3948 1433 4012 Hortensio

273 4039 400 4101 mortuo
422 4055 487 4102 non
505 4039 600 4101 antea
612 4033 720 4100 Cicero
742 4035 863 4116 accepit
885 4053 984 4116 quam
1001 4034 1155 4098 Rhodum
1176 4031 1272 4108 venit,
1291 4031 1323 4094 id
1345 4031 1432 4113 qnod
