2954 4874
714 232 756 300 lo

154 409 216 490 Vll,
237 410 260 474 4
280 413 355 476 data
374 413 427 489 sit,
457 412 608 496 quoniam
640 411 691 477 illa
713 413 862 498 Dionysio
890 416 1078 498 perferenda
1098 415 1216 479 tradita
1237 419 1320 484 erat.

154 494 220 559 Nec
239 496 345 558 minus
366 495 568 559 manifestum
590 501 646 573 est,
669 516 741 560 eam
762 502 836 562 ante
854 518 903 581 ep.
927 498 989 577 Vll,
1012 499 1030 562 7
1052 499 1203 579 scriptam
1225 518 1319 568 esse:
1377 500 1391 551 ἰ

155 597 230 642 nam
252 577 284 640 in
307 579 387 660 ep.5
404 576 453 658 §3
471 577 580 643 Cicero
603 579 766 642 consilium
787 580 902 644 itineris
925 581 972 645 sui
996 581 1133 662 exponit,
1154 581 1240 663 quod
1259 601 1318 646 cur

155 661 325 724 mutaverit
354 661 460 724 scribit
487 662 518 725 in
542 681 590 743 ep.
613 662 631 724 7
650 660 715 742 §a
772 662 826 726 Est
859 665 967 728 autem
989 683 1037 746 cp.
1058 665 1088 739 4,
1110 666 1147 726 ut
1171 664 1318 743 diximus

156 743 233 806 data
262 747 333 825 post
361 743 410 807 lV.
432 744 472 807 id.
495 744 585 818 Dec.;
615 744 781 826 epistulam
813 746 831 808 7
861 750 935 811 ante
963 746 1012 811 Vl.
1034 746 1095 812 kal.
1115 744 1183 810 Jan.
1206 746 1319 811 datam

157 846 225 889 esse
246 845 319 889 mox
340 826 526 890 ostendam:
557 827 712 890 habemus
748 827 843 908 igitur
864 829 1017 911 epistulae
1035 831 1057 892 5
1077 829 1227 893 terminos
1248 829 1320 895 illos

155 908 221 972 dies
234 911 246 989 (
258 933 285 959 r:
304 906 554 986 10.—75.Dec.),
576 909 620 973 ita
637 913 744 973 tamen
761 915 797 973 ut
813 911 897 975 intra
908 912 993 976 idem
1005 912 1157 994 temporis
1177 912 1320 993 spatium

155 994 229 1054 ante
255 1010 327 1055 eam
357 991 491 1073 epistula
517 992 554 1069 4,
585 990 719 1072 epistula
742 993 759 1055 7
781 999 855 1075 post
883 1013 956 1058 eam
985 994 1082 1058 missa
1103 995 1153 1058 sit.
1197 993 1321 1072 Quodsi

153 1077 237 1137 recte
264 1073 429 1155 epistulam
452 1075 474 1137 4
494 1075 577 1138 circa
606 1075 647 1137 id.
668 1074 740 1139 Dec.
763 1077 913 1158 scriptam
941 1096 1008 1140 esse
1025 1077 1208 1154 statuimus,
1238 1075 1320 1143 haec

154 1157 229 1238 (nec
258 1175 332 1219 non.
355 1176 404 1237 ep.
426 1157 458 1233 6)
479 1156 588 1238 paucis
618 1161 691 1239 post
717 1157 845 1236 diebuS,
878 1160 961 1224 circa
992 1158 1058 1224 XV.
1081 1159 1142 1224 kal.
1164 1159 1233 1224 lan.
1255 1159 1319 1242 (π

156 1241 203 1302 16.
225 1238 311 1318 Dec.)
332 1239 409 1302 data
431 1257 498 1303 esse
514 1238 647 1303 videtur.

236 1366 290 1444 38)
312 1365 367 1430 Est
396 1365 428 1428 in
456 1385 505 1448 ep.
526 1364 596 1443 Vll,
618 1366 636 1429 7
658 1364 676 1447 5
702 1367 734 1430 1:
765 1365 950 1448 »Dionysius
973 1414 980 1429 .
1004 1416 1011 1432 .
1033 1416 1040 1430 .
1064 1367 1203 1434 Romam
1231 1367 1319 1432 venit

154 1447 220 1511 XV.
242 1448 302 1512 kal.
324 1448 394 1513 lan.
416 1451 447 1512 et
476 1450 593 1513 litteras
625 1468 644 1512 a
670 1452 701 1511 te
729 1449 803 1512 mihi
829 1448 1001 1512 reddidit«
1036 1453 1084 1514 tot
1113 1449 1197 1514 enim
1218 1450 1321 1515 verba

153 1535 229 1594 sunt
251 1531 290 1597 de
302 1531 451 1613 Dionysio
475 1532 508 1595 in
529 1531 663 1613 epistula
685 1533 760 1595 tua‘
790 1532 967 1613 Acceperat
989 1531 1083 1613 igitur
1101 1530 1219 1610 Cicero,
1241 1552 1318 1596 cum

153 1615 247 1678 hauc.
260 1633 310 1696 ep.
328 1618 543 1696 componeret,
561 1614 678 1677 litteras
687 1614 793 1690 Attici,
821 1614 986 1697 inquibus
1009 1614 1061 1679 illa
1082 1615 1180 1678 verba
1199 1615 1319 1697 scripta

154 1701 254 1761 erant.
295 1697 453 1779 Sequitur,
472 1700 507 1761 ut
528 1715 593 1760 non
614 1697 719 1760 minus
742 1696 847 1760 triduo
870 1698 920 1760 vel
941 1697 1122 1779 quadriduo
1144 1702 1217 1780 post
1236 1717 1264 1762 a.
1286 1699 1317 1762 d.

154 1779 221 1844 XV.
242 1780 303 1844 kal.
322 1780 388 1844 lan.
409 1780 490 1843 haec
512 1799 559 1861 ep.
581 1779 658 1842 data
685 1779 734 1857 sit,
764 1798 835 1842 cum
861 1798 900 1843 ue
929 1779 961 1842 in
989 1778 1008 1862 ἓ
1031 1781 1050 1843 3
1072 1781 1211 1860 legatur:
1247 1801 1318 1862 ,ego

155 1864 307 1946 quoniam
337 1861 385 1926 lIl.
408 1881 483 1925 nou.
504 1862 573 1926 Jan.
595 1861 822 1944 compitalicius
838 1800 909 1924 dies
936 1865 998 1941 est,
1029 1863 1103 1926 nolo
1133 1881 1171 1927 eo
1200 1863 1251 1927 die
1284 1864 1317 1929 in

154 1947 336 2021 Albanum‘,
367 1948 441 2009 ante
460 1945 547 2007 illum
571 1944 653 2008 diem
677 1963 732 2030 ep.
749 1945 865 2025 scripta
893 1945 932 2008 sit
957 1964 1083 2009 necesse
1105 1949 1160 2009 est.
1209 1944 1318 2023 Quare

154 2029 413 2109 Wesenbergius:
455 2028 545 2104 ,inter
577 2046 605 2090 a.
634 2027 665 2090 d.
687 2025 755 2090 XV.
778 2027 838 2090 kal.
858 2031 890 2090 et
914 2026 962 2088 IV.
985 2046 1061 2091 non.
1082 2027 1162 2092 lanf
1213 2028 1317 2093 Paulo

153 2118 262 2177 tamen
284 2111 464 2176 accuratius
486 2115 611 2192 tempus
635 2109 844 2174 circumscribi
867 2113 977 2190 potest.
1030 2110 1114 2174 Nam
1132 2131 1180 2191 ep.
1205 2110 1275 2186 VH,
1297 2115 1317 2176 8

154 2198 225 2277 post
252 2193 335 2259 hanc
364 2195 493 2257 missam
524 2213 592 2257 esse
620 2192 820 2272 cognoscitur
847 2211 885 2255 ex
921 2192 955 2255 iis
985 2212 1069 2274 quae
1098 2193 1130 2256 in
1157 2194 1223 2256 eius
1254 2193 1273 2275 ἓ
1300 2196 1313 2258 1

152 2280 266 2343 iterum
288 2278 328 2340 de
349 2276 497 2359 Dionysio
520 2276 681 2355 leguntur:
710 2274 804 2353 ,Quid
828 2293 909 2355 opus
931 2279 999 2339 erat
1016 2276 1055 2340 de
1076 2275 1226 2359 Dionysio
1247 2281 1316 2341 tam

152 2361 244 2426 valde
263 2360 433 2424 adfirmare
451 2378 478 2422 e.
489 2379 518 2440 q.
530 2362 566 2421 s.‘
601 2357 759 2434 Quoniam
776 2360 884 2421 autem
905 2357 937 2420 in
955 2377 1003 2454 ep.
1021 2359 1041 2422 8
1062 2358 1192 2422 demum
1206 2356 1317 2425 Cicero

152 2444 293 2509 Atticum
322 2443 487 2507 certiorem
522 2441 594 2505 tacit
624 2460 659 2503 se
688 2458 760 2503 cum
784 2440 937 2522 Pompeio
966 2445 1081 2504 iterum
1111 2460 1315 2522 congressum

16 2593 20 2602 ,
153 2547 220 2591 esse
248 2547 277 2590 a.
305 2526 336 2590 d.
369 2525 414 2588 Vl.
441 2523 503 2589 kal.
528 2523 596 2588 lan.
627 2522 681 2602 (cf.
708 2521 726 2603 ἕ
754 2523 804 2600 4),
834 2526 968 2603 apparet
1000 2524 1168 2605 epistulam
1195 2524 1212 2587 7
1240 2530 1318 2589 ante

153 2610 239 2674 illum
262 2609 346 2673 diem
368 2608 577 2688 conscriptam
603 2624 679 2668 esse.
730 2603 812 2668 Data
840 2605 933 2685 igitur
951 2609 998 2669 est
1024 2607 1105 2670 inter
1126 2605 1192 2669 XV.
1213 2611 1245 2670 et
1266 2607 1317 2674 Vl.

139 2693 214 2758 -kal
236 2692 305 2757 lan.
328 2688 646 2770 (=16.-u5.1)ec.)‚
667 2706 771 2768 neque
793 2688 928 2750 multum
950 2707 969 2752 a
989 2707 1065 2752 vero
1087 2689 1317 2773 aberrabimus,

152 2778 176 2841 si
195 2777 279 2840 circa
298 2774 350 2838 XI.
371 2774 400 2837 k.
422 2772 565 2843 lant:
589 2771 638 2834 20.
657 2770 746 2846 Dec.)
769 2789 840 2833 eam
861 2770 1012 2852 scriptam
1031 2791 1100 2836 esse
1120 2772 1314 2853 putabimus.

154 2859 246 2938 Quod
261 2857 470 2921 confirmatur
489 2855 549 2919 hac
565 2853 811 2918 ratiocinatione.
841 2852 1012 2933 Epistula7
1029 2852 1138 2918 Cicero
1152 2857 1312 2937 respondit

154 2943 195 3006 ad
217 2942 285 3004 illas
305 2939 402 3004 Attici
422 2939 552 3015 litteras,
574 2938 605 3000 in
628 2936 743 3019 quibus
763 2936 915 3016 scriptum
939 2941 1008 3000 erat
1027 2937 1211 3021 Dionysium
1233 2939 1313 3003 ad.

153 3024 220 3090 XV.
242 3023 303 3088 kal.
325 3023 393 3087 Jan.
414 3022 553 3086 Romam
576 3021 714 3092 venisse3
736 3017 892 3099 rescripsit
906 3019 1029 3083 Atticus
1051 3020 1227 3102 epistulam,
1248 3041 1314 3104 qua

154 3107 338 3188 Dionysium
372 3108 483 3168 contra
511 3104 629 3167 crimen
660 3101 891 3181 ingratitudinis
917 3100 1100 3165 defenderet
1127 3102 1178 3180 (cf.
1204 3103 1257 3168 Vll
1264 3152 1271 3179 ,
1295 3105 1315 3168 8

154 3191 172 3273 ἕ
188 3190 233 3270 1);
256 3190 330 3252 huic
342 3188 438 3251 Attici
454 3184 608 3268 epistulae
619 3183 729 3247 Cicero
751 3183 912 3265 respondit
930 3183 1064 3266 epistula
1086 3185 1148 3264 VH,
1164 3186 1194 3264 8,
1215 3205 1315 3268 quam

153 3296 182 3339 a.
199 3274 229 3338 d.
246 3273 281 3336 V.
297 3271 359 3335 kal.
373 3270 440 3334 Jan.
456 3269 565 3333 datam
588 3287 655 3330 esse
669 3266 927 3330 verisimillimum
950 3270 1021 3331 est..
1044 3266 1317 3334 Commorabatur

154 3362 262 3422 autem
285 3353 393 3418 Cicero
423 3353 455 3415 in
483 3350 591 3433 aliquo
613 3348 807 3430 Campaniae
838 3349 985 3431 praedio,
1018 3351 1143 3414 Atticus
1175 3351 1315 3416 Romae:

153 3440 253 3504 tribus
275 3436 369 3518 igitur
390 3434 456 3498 fere
480 3433 590 3496 diebus
611 3431 763 3514 epistulae
779 3432 907 3513 perferri
925 3436 1084 3514 poterant.
1120 3433 1191 3498 lam
1205 3434 1318 3500 videas

153 3522 321 3587 tabellam:

153 3605 219 3671 Sor.
242 3603 365 3669 Atticus
382 3603 454 3683 post
476 3599 649 3662 adventum
672 3597 811 3680 Dionysii
834 3617 862 3661 a.
885 3597 916 3661 d.
940 3596 1018 3661 XlV.
1042 3598 1071 3662 k.
1096 3622 1136 3652 =
1162 3598 1209 3665 17.
1223 3597 1299 3666 Dec.

423 3682 543 3763 accepit
559 3679 668 3744 Cicero
688 3680 754 3744 eius
776 3699 825 3761 ep.
869 3728 876 3742 .
923 3728 930 3743 .
1077 3727 1085 3742 .
1130 3728 1138 3742 .
1182 3683 1230 3746 19.
1255 3699 1300 3735 »’

472 3764 633 3846 respondit
655 3783 703 3844 ep.
728 3761 830 3839 VH,7
875 3812 882 3827 .
928 3811 934 3826 .
978 3812 985 3827 .
1029 3813 1036 3828 .
1079 3812 1085 3825 .
1129 3810 1137 3826 .
1180 3765 1230 3828 70.
1256 3786 1272 3822 »

154 3871 226 3916 eam
247 3850 373 3915 Atticus
395 3847 517 3929 accepit
575 3890 1139 3911 ............
1181 3847 1231 3910 77.
1256 3869 1272 3905 r

155 3933 311 4016 rescripsit
364 3973 1140 3996 ................
1172 3930 1231 3994 23.
1257 3950 1273 3986 »

423 4032 611 4095 responsum
633 4011 764 4074 allatum
787 4014 835 4073 est
856 4010 999 4076 Ciceroni
1030 4059 1037 4074 .
1081 4062 1087 4076 .
1131 4059 1138 4076 .
1181 4013 1231 4076 15.
1257 4039 1272 4064 »

469 4095 556 4159 dedit
577 4093 685 4160 Cicero
707 4113 756 4176 ep.
781 4092 884 4171 Vll,8
930 4143 937 4156 .
981 4140 988 4156 .
1031 4143 1039 4157 .
1082 4144 1089 4159 .
1133 4143 1141 4157 .
1183 4095 1232 4158 16.
1256 4119 1273 4148 »

154 4179 286 4243 Videtur
298 4178 400 4267 igitur
420 4198 468 4260 ep.
479 4178 570 4258 VH,7
584 4178 670 4243 data
691 4195 758 4240 esse
779 4176 850 4241 circ.
866 4175 1318 4265 X1.ka1.Jan.(=ao.Dec.).
