2954 4874
725 280 764 345 18

157 461 273 528 Bruto:
308 456 402 536 ,idem
435 462 551 542 quarto
583 460 615 523 et
642 460 836 542 sexagesimo
864 480 967 540 anno,
996 462 1216 544 perpaucis
1247 467 1326 529 ante

158 547 293 609 mortem
315 542 440 619 diebus,
473 561 537 606 una
565 544 671 606 tecum
694 561 839 606 socerum
862 547 954 608 tuum
977 545 1117 610 defendit
1137 547 1325 628 Appium‘0.

158 628 265 709 Atque
289 644 354 688 non
375 628 472 688 ante
494 644 523 688 a.
547 623 577 687 d·
597 623 648 687 ΙΠ,
669 644 743 689 non.
765 626 851 691 Sext.
872 625 968 691 Caelii
991 629 1159 710 epistulam
1177 628 1326 696 Ciceroni

158 709 317 774 redditam
348 727 433 784 esse,
471 706 562 771 facile
592 706 801 772 demonstrari
831 713 950 792 potest:
990 716 1058 775 erat
1095 713 1179 775 enim
1217 715 1248 779 in
1284 733 1326 780 ea

156 791 287 857 nuntius
307 790 347 853 de
365 790 455 854 lactis
469 789 652 854 Dolabellae
674 792 705 853 et
714 791 835 856 Tulliae
855 793 1071 874 sponsalibus3
1094 794 1132 857 de
1154 795 1190 858 iis
1212 797 1324 861 autem

157 876 266 939 Cicero
282 893 311 938 a.
331 872 361 935 d.
378 872 425 935 ΙΙΙ.
448 891 524 937 uon.
545 871 630 936 Sext.
652 872 745 937 Sidae
773 875 904 939 demum
933 878 1046 940 certior
1072 875 1175 940 factus
1197 882 1244 943 est
1266 899 1325 960 per

156 958 276 1021 litteras
297 974 439 1034 suorum,
461 954 492 1018 id
537 955 600 1019 uod
619 956 819 1037 cognoscitur
834 977 873 1022 ex
892 978 942 1040 ep.
964 961 1006 1023 ad
1027 959 1101 1022 fam.
1122 959 1171 1037 ΙΠ,
1195 962 1233 1024 m
1253 960 1323 1043 §43

157 1039 271 1123 quodsi
303 1038 355 1101 illo
383 1038 434 1102 die
461 1057 482 1101 a
529 1038 650 1102 erentia
676 1042 707 1102 et
728 1038 832 1103 Tullia
863 1044 991 1105 tanturn
1021 1042 1061 1106 de
1091 1061 1130 1106 ea
1155 1061 1190 1106 re
1211 1042 1324 1109 Cicero

155 1125 276 1188 litteras
309 1121 446 1202 accepit,
485 1117 583 1184 Caelii
624 1121 760 1202 epistula
794 1124 932 1187 eundem
969 1124 1119 1189 nuntium
1153 1126 1324 1192 continens

155 1209 266 1289 postea
296 1205 426 1268 demum
456 1201 598 1268 Ciceroni
626 1204 724 1267 allata
758 1207 821 1280 est;
859 1225 898 1269 ex
928 1226 992 1288 quo
1026 1208 1183 1289 sequitur,
1211 1229 1252 1273 ne
1280 1211 1323 1274 de

155 1288 335 1372 propinqua
388 1286 494 1350 uidem
516 1285 675 1350 Hortensii
704 1291 808 1350 morte
829 1286 1015 1353 Ciceronem
1042 1293 1112 1353 tum
1143 1291 1320 1375 quicquam

155 1371 275 1452 legisse.
322 1307 386 1432 Sei
404 1370 453 1433 lac
472 1367 568 1433 Caelii
589 1369 757 1451 epistulam
778 1370 871 1435 fuisse
893 1373 975 1435 inter
997 1391 1050 1436 eas
1073 1373 1208 1453 litteras,
1239 1395 1322 1458 quas

155 1475 184 1519 a.
207 1454 237 1517 d.
255 1452 304 1516 lll.
326 1471 402 1516 non.
424 1452 508 1516 Sext.
532 1451 628 1515 Sidae
647 1450 758 1516 Cicero
780 1453 1041 1537 desponsalibus
1064 1475 1093 1533 ,a
1115 1456 1190 1520 suis‘
1210 1477 1244 1522 se
1266 1477 1323 1523 ac-

156 1537 274 1619 cepisse
295 1534 389 1613 dicit,
419 1534 495 1616 quid
523 1534 620 1598 inde?
646 1534 729 1599 Nihil
754 1535 839 1599 aliud
869 1537 928 1600 nisi
949 1539 1022 1601 hoc:
1053 1538 1118 1602 fieri
1141 1559 1250 1620 posse,
1283 1546 1321 1606 ut

154 1619 265 1684 Cicero
287 1618 393 1682 statim
416 1637 444 1680 a.
468 1617 497 1680 d.
519 1616 567 1679 lll.
589 1637 662 1681 non.
687 1617 770 1681 Sext.
788 1617 882 1683 Sidae
905 1621 988 1684 hanc
1010 1620 1051 1683 ad
1073 1621 1216 1686 Atticum
1239 1625 1322 1705 epis·

155 1703 255 1768 tulam
280 1700 514 1781 conscripserit:
536 1700 604 1762 lieri
626 1719 763 1782 posse,
792 1702 938 1783 inquam:
966 1722 1041 1767 nam
1065 1709 1134 1768 erat
1156 1703 1265 1770 Cicero
1286 1708 1319 1771 in

154 1787 282 1862 itinere,
314 1783 356 1848 ad
384 1783 492 1847 Sidam
522 1784 594 1846 navi
621 1784 788 1847 accessisse
818 1785 942 1849 videtur
972 1790 1007 1848 ut
1030 1786 1073 1849 ibi
1094 1792 1319 1871 pemootaret;

155 1888 254 1951 quam
286 1867 328 1930 ob
365 1885 432 1928 rem
466 1865 567 1929 multo
603 1869 651 1928 est
680 1866 892 1944 verisimilius,
928 1885 1001 1930 eum
1029 1887 1096 1932 non
1127 1871 1168 1934 ad
1196 1871 1318 1953 Sidam,

154 1952 210 2016 sed
232 1949 341 2032 paucis
361 1948 471 2011 diebus
493 1951 572 2029 post,
593 1967 666 2011 cum
683 1949 789 2013 Rhodi
811 1951 1010 2028 constitisset,
1033 1952 1199 2032 epistulam
1211 1954 1320 2021 Attico

154 2034 325 2115 scripsisse.
376 2030 442 2094 lam
477 2030 552 2094 illud
583 2031 777 2109 consideres,
815 2051 891 2096 num
925 2032 1015 2097 facile
1047 2035 1177 2114 cogitari
1209 2039 1319 2119 possit,

154 2117 339 2182 Ciceronem
362 2114 414 2178 illo
429 2112 523 2178 Caelii
547 2115 659 2178 nuntio
682 2115 848 2195 (animam
861 2114 1000 2198 agebat‘)
1023 2122 1219 2182 commotum
1239 2140 1318 2202 esse,

154 2204 189 2264 ut
217 2198 321 2263 Attico
347 2197 428 2261 haec
456 2197 543 2260 nuda
570 2198 668 2260 verba
692 2198 860 2261 scriberet:
898 2199 946 2276 ,de
973 2199 1142 2264 Hortensio
1174 2206 1206 2265 te
1231 2209 1318 2270 certo

155 2283 219 2346 scio
241 2281 365 2357 dolere,
399 2279 546 2362 equidem
569 2280 748 2344 excrucior:
773 2281 938 2345 decreram
964 2282 1048 2346 enim
1070 2302 1144 2348 cum
1164 2304 1202 2349 eo
1223 2287 1317 2352 valde

156 2362 481 2429 familiaritervivere‘.
514 2361 627 2426 Nonne
643 2366 739 2444 putas
760 2383 832 2427 eum
852 2384 916 2428 uno
925 2364 1036 2429 saltem
1055 2366 1151 2432 verbo
1162 2369 1317 2435 indicasse

153 2468 187 2513 se
207 2447 357 2512 nuntium
379 2445 419 2510 de
436 2445 616 2528 propinqua
637 2445 797 2510 Hortensii
823 2451 927 2511 morte
950 2449 1130 2530 accepisse?
1161 2450 1316 2534 Equidem

152 2550 218 2596 non
250 2529 377 2605 dubito,
412 2529 490 2610 quin
518 2527 660 2591 futurum
687 2547 751 2592 non
781 2529 874 2592 fuerit
905 2533 940 2594 ut
964 2529 1074 2596 Cicero
1107 2533 1187 2597 haec
1216 2538 1315 2603 verba

151 2615 312 2691 scriberet,
333 2611 392 2675 nisi
413 2614 562 2674 accurate
584 2611 623 2674 de
645 2610 805 2675 Hortensii
829 2615 930 2676 morte
952 2614 1085 2679 edoctus
1107 2618 1188 2680 esset
1208 2619 1313 2683 existi·

135 2700 334 2776 -massetque
357 2693 500 2757 Atticum
529 2713 656 2776 quoque
691 2695 731 2757 de
761 2714 800 2759 ea
830 2714 862 2758 re
890 2698 1056 2762 certiorem
1089 2718 1156 2762 esse
1184 2699 1313 2765 factum.

152 2778 251 2858 Quin,
288 2778 314 2840 si
346 2776 583 2841 consideramus
620 2775 804 2841 Ciceronem
838 2797 876 2842 ea
909 2779 1062 2862 epistulae
1092 2785 1197 2863 parte,
1229 2802 1312 2864 quae

152 2862 295 2945 proxime
315 2859 393 2923 haec
414 2859 512 2923 verba
536 2859 705 2937 antecedit,
732 2865 843 2943 aperte
864 2856 1054 2944 respondere
1077 2865 1120 2926 ad
1138 2865 1233 2926 Attici
1255 2864 1311 2925 ali·

152 2964 251 3029 quam
273 2941 457 3024 epistulam,
478 2941 547 3006 iure
568 2941 702 3006 fortasse
722 2944 818 3008 statui
839 2948 952 3027 potest,
975 2946 1071 3009 etiam
1093 2943 1133 3007 de
1152 2944 1311 3007 Hortensii

152 3030 256 3092 morte
289 3028 322 3089 in
355 3022 408 3088 ssla
427 3024 522 3090 Attici
547 3026 682 3108 epistula
707 3026 857 3109 scriptum
880 3025 988 3091 fuisse:
1020 3026 1063 3089 sic
1086 3025 1171 3089 enim
1192 3027 1311 3108 optime

151 3108 350 3190 intellegitur,
372 3127 429 3172 cur
450 3111 516 3172 tam
539 3109 647 3190 paucis
659 3108 763 3173 verbis
780 3113 877 3192 atque
892 3108 984 3189 quasi
993 3107 1185 3189 praeteriens
1199 3108 1311 3175 Cicero

150 3196 235 3259 hanc
257 3211 325 3256 rem
346 3191 491 3271 attigerit.
521 3189 644 3269 Quibus
664 3192 811 3256 omnibns
832 3193 864 3255 in
886 3209 987 3254 unum
1004 3190 1142 3254 collectis
1159 3192 1310 3272 adducor,

151 3281 188 3341 ut
214 3274 311 3422 paquqr
340 3273 549 3339 confidentius
581 3275 665 3338 hanc
694 3275 736 3340 ad
759 3275 824 3341 Att.
853 3273 1021 3355 epistulam
1050 3273 1168 3341 Rhodo
1200 3276 1310 3341 datam

152 3379 220 3426 esse
240 3376 390 3422 sauam.

234 3466 298 3549 Ep.
320 3463 368 3530 ad
389 3461 431 3526 Μ.
455 3461 633 3529 Caelium
653 3462 699 3542 ll,
731 3465 785 3530 15.

233 3571 326 3638 Hanc
353 3589 482 3653 quoque
503 3589 520 3635 e
543 3570 670 3636 istulam
688 3569 796 3637 Cicero
815 3575 927 3655 postea
949 3571 1037 3637 dedit
1058 3592 1156 3656 quam
1178 3571 1217 3635 de
1236 3592 1311 3655 pro·

151 3657 257 3723 vincia
279 3653 427 3730 decessit,
450 3653 496 3749 ct·
512 3591 578 3737 iil:
596 3673 665 3736 ,ego
685 3654 725 3718 de
744 3655 908 3737 provincia
929 3655 1085 3722 decedens
1105 3658 1309 3737 quaestorem

151 3741 294 3808 Coelium
329 3755 498 3820 praeposui
526 3737 727 3819 provinciae‘.
783 3738 968 3821 Respondet
1001 3743 1109 3804 autem
1144 3736 1186 3801 ad
1214 3736 1311 3802 Caelii

151 3822 319 3908 epistulam
340 3818 418 3900 vul,
438 3819 490 3897 13,
524 3838 589 3901 qua
625 3818 676 3882 ille
711 3821 870 3902 sponsalia
899 3822 1074 3903 gratulatus
1101 3822 1179 3884 erat.
1229 3820 1308 3886 Eam

152 3910 246 3974 ante
268 3925 296 3968 a.
317 3901 405 3967 dlll.
426 3902 596 3967 nonSext.
611 3899 753 3967 Ciceroni
770 3902 903 3967 allatam
925 3922 993 3969 esse
1013 3921 1078 3966 non
1098 3921 1191 3985 posse
1212 3920 1310 3986 supra

148 4039 345 4058 Μ

220 4112 247 4182 a)
266 4109 321 4165 (tic.
339 4108 416 4162 Brut.
436 4105 477 4170 94,
494 4104 559 4170 3243
578 4103 611 4160 of.
630 4103 717 4159 etiam
735 4104 776 4170 64,
793 4103 852 4159 230.
