2954 4874
725 243 762 321 Ei

164 424 307 504 tempore
340 425 412 505 post
440 441 490 505 ep.
512 421 565 500 ΙΠ,
589 421 642 498 la,
671 440 780 488 mense
807 421 902 491 etiarn
930 418 1038 486 Sextili
1066 416 1241 501 (ineunte),
1268 417 1327 485 has

164 505 284 570 litteras
306 506 397 570 datas
418 526 485 570 esse
505 509 584 588 puto
592 506 623 570 ¹).

246 659 278 739 6)
301 658 372 737 Quo
389 660 439 724 die
452 658 562 725 Cicero
574 658 689 724 Rhodo
702 657 864 741 proiectus
877 658 926 736 sit,
948 659 985 721 ut
995 655 1154 740 Ephesum
1168 656 1325 735 traiceret,

162 762 204 806 ne
226 742 408 808 coniectura
429 744 558 825 quidem
581 743 707 824 assequi
728 741 811 805 licet.
843 740 937 807 Nulla
951 745 1056 805 exstat
1076 740 1219 823 epistula,
1241 760 1325 823 quae

164 827 234 908 post
263 825 347 902 illas,
385 845 466 907 quas
497 845 534 911 su
557 844 593 889 ra
631 826 715 889 circa
750 824 915 888 ineuntem
948 824 1097 887 Sextilem
1137 823 1229 888 datas
1258 843 1327 888 esse

164 907 459 984 demonstravimus,
477 927 496 971 a
545 909 669 972 icerone
690 909 746 970 aut
758 905 865 971 Sextili
887 909 944 970 aut
961 906 1140 987 Septembri
1156 906 1252 970 missa
1271 907 1327 970 sit:

162 990 306 1071 proxima
328 990 389 1053 kal.
411 990 539 1054 demum
564 989 690 1054 Octobr.
712 991 890 1071 conscripta
912 990 975 1064 est,
998 1007 1047 1070 ep.
1071 989 1113 1053 ad
1134 988 1199 1052 Att.
1221 988 1271 1065 VI,
1293 990 1323 1066 8,

163 1091 260 1154 quam
282 1071 391 1136 Cicero
413 1073 497 1136 dedit
518 1072 643 1153 Epheso
665 1073 888 1136 conscendens.
930 1070 975 1134 Ex
994 1091 1033 1135 ea
1054 1071 1253 1152 intellegitur,
1275 1091 1322 1153 pr.

161 1155 221 1218 kal.
244 1154 312 1219 Oct.
334 1175 408 1218 eum
429 1154 524 1232 ,dorni
539 1154 663 1235 Ephesi
682 1155 776 1225 Attici
798 1155 940 1237 aliquam
962 1154 1129 1235 epistulam
1150 1155 1323 1234 accepisse3

162 1239 240 1321 quot
261 1256 336 1301 vero
358 1237 424 1301 dies
445 1242 521 1302 tunc
542 1237 656 1319 Ephesi
676 1237 741 1300 iam
759 1237 1047 1314 sitcommoratus,
1071 1237 1243 1300 obscurum
1267 1240 1323 1300 est.

160 1319 287 1400 Legitur
321 1323 430 1384 autem
459 1322 491 1383 in
520 1321 586 1384 eius
616 1339 665 1402 ep.
694 1317 777 1400 §42
806 1339 875 1396 ,nos
902 1318 1016 1383 etesiae
1050 1319 1325 1383 vehementissime

159 1402 346 1477 tardarunt3
370 1403 504 1467 detraxit
526 1402 585 1466 XX
606 1401 690 1483 ipsos
714 1401 779 1465 dies
800 1401 895 1464 etiarn
918 1401 1321 1483 aphractusRhodiorum.‘

159 1485 251 1563 Quae
272 1485 369 1548 verba
391 1484 620 1549 brumannusu
640 1484 684 1547 sic
703 1484 785 1548 inter
808 1487 928 1547 retatus
949 1488 1014 1547 est:
1045 1483 1130 1547 »Aur
1149 1484 1206 1547 der
1224 1483 1324 1548 Eahrt

158 1586 222 1630 von
243 1567 378 1631 Rhodus
398 1569 482 1631 nach
503 1566 645 1647 Ephesus
665 1566 767 1629 verlor
780 1503 889 1630 dicero
908 1566 1046 1645 zwanzig
1056 1565 1152 1647 Tage,
1175 1567 1246 1630 weil
1269 1567 1325 1630 der

123 1675 126 1680 ·
160 1649 258 1713 Wind
286 1649 340 1713 ihn
365 1650 451 1713 nicht
474 1650 674 1730 begiinstigte
701 1648 768 1711 und
798 1668 833 1711 er
854 1649 903 1712 bei
924 1649 983 1712 der
1004 1648 1183 1713 schlechten
1204 1649 1326 1713 Bauart

160 1732 216 1794 der
236 1730 425 1795 rhodischen
448 1730 564 1795 Schiffe
591 1731 675 1796 ohne
697 1729 838 1794 Verdeck
868 1731 934 1795 und
962 1731 1019 1794 der
1040 1730 1175 1810 iibrigen
1197 1731 1243 1794 on
1265 1749 1325 1794 an·

161 1812 295 1893 regtela
329 1813 447 1877 Vereor
465 1832 505 1876 ne
524 1812 603 1878 haec
622 1812 786 1894 explicatio
805 1812 911 1877 minus
932 1817 1017 1877 recte
1038 1833 1072 1876 se
1094 1813 1228 1887 habeat;
1246 1833 1323 1877 nam

160 1895 276 1959 etesiae
310 1897 371 1958 sub
398 1894 560 1960 caniculae
590 1902 695 1960 ortum
728 1896 838 1960 exoriri
866 1895 1028 1973 solebant,
1062 1895 1094 1958 id
1125 1901 1172 1960 est
1201 1897 1323 1962 circiter
1402 1928 1405 1944 ·

160 1978 300 2042 medium
330 1978 503 2056 Quintilem
540 1979 616 2043 anni
644 1977 836 2042 Caesariani.
895 1979 1103 2061 Respondent
1133 1982 1259 2056 autern,
1297 1980 1323 2043 si

158 2061 312 2124 ldelerum
334 2061 496 2144 sequimur
504 2060 543 2137 ll,
566 2061 636 2124 idus
657 2060 812 2138 Quintiles
834 2061 909 2124 anni
932 2060 1043 2125 Juliani
1066 2061 1094 2124 ei
1115 2060 1177 2124 diei
1197 2062 1273 2125 anni
1293 2082 1323 2125 ιι.

159 2163 185 2208 c.
215 2143 290 2218 704,
326 2144 381 2224 qui
408 2146 537 2207 notatur
566 2162 594 2206 a.
622 2143 651 2206 d.
677 2142 726 2205 IV.
751 2143 812 2207 kal.
841 2143 927 2225 Sept.
974 2143 1041 2207 Sub
1076 2145 1194 2207 exitum
1230 2145 1324 2225 igitur

158 2226 275 2289 mensis
296 2224 418 2289 Sextilis
449 2228 482 2288 et
511 2245 567 2306 per
594 2224 813 2306 Septembrem
845 2227 921 2289 anni
952 2225 1013 2289 704
1048 2228 1162 2290 etesiae
1199 2227 1324 2291 flavisse

158 2307 322 2401 videntum
345 2327 402 2390 per
423 2309 526 2371 totum
549 2311 656 2371 autem
675 2307 824 2371 Sextilem
841 2306 1024 2372 Ciceronem
1033 2306 1138 2373 Rhodi
1160 2310 1323 2389 mansisse,

159 2389 272 2453 deinde
302 2409 444 2455 mensem
466 2390 688 2472 Septembrem
716 2391 748 2453 in
777 2390 888 2454 itinere
908 2391 1026 2455 Rhodo
1057 2390 1215 2472 Ephesum
1244 2411 1322 2457 con-

157 2473 465 2618 sranrfpsissessviffest
477 2472 671 2619 1rerisilmige,
700 2473 886 2619 praesertitm
909 2493 981 2537 curn
1002 2475 1069 2555 ipse
1088 2473 1197 2538 Cicero
1219 2476 1251 2539 in
1272 2495 1322 2558 ep.

158 2573 314 2700 {ferite
347 2553 494 2701 'nesius
515 2574 652 2702 nra
674 2574 1322 2720 dhttttlthtnluuthntt

156 2718 356 2782 Rhodiorum
385 2719 453 2782 vult
488 2720 625 2800 intellegi
662 2721 710 2796 ,de
745 2741 836 2785 mora
871 2721 964 2785 huius
992 2719 1122 2802 navigii,
1153 2722 1239 2803 quod
1267 2724 1318 2788 vel

154 2800 275 2864 tardius
310 2804 501 2878 accesserat,
530 2802 579 2865 vel
608 2801 811 2867 reficiendum
840 2806 929 2881 erat‘,
959 2804 1003 2867 ita
1031 2808 1068 2867 ut
1095 2802 1209 2885 Ephesi
1229 2803 1318 2870 Cice-

153 2902 266 2949 ronem
294 2887 325 2947 et
347 2883 462 2948 etesiae
483 2884 667 2948 retinuerint
688 2889 720 2949 et
750 2887 924 2968 aphractus
946 2886 1146 2951 Rhodiorum
1174 2888 1317 2953 tardarit.

155 3200 184 3252 ι»,
202 3128 1317 3278 etl{tiridati,hrluipillifflitutlhshiititliillitsitilteigdtl}

155 3267 324 3335 quodcontra
342 3268 467 3335 epistulis
487 3268 540 3333 ΙΙΙ,
570 3270 601 3324 10
621 3272 649 3322 et
669 3272 698 3322 ll
725 3271 865 3326 clausulae
883 3271 986 3326 similes
1003 3270 1128 3325 adiectae
1147 3270 1220 3324 sunt.
1264 3271 1317 3325 Sed

154 3335 226 3389 nihil
254 3335 317 3388 inde
350 3337 384 3389 de
411 3337 480 3391 serie
506 3336 686 3406 epistularum
721 3340 847 3394 concludi
876 3343 975 3409 potest.
1016 3341 1132 3394 Prorsus
1157 3340 1257 3394 falsum
1276 3344 1319 3394 est

152 3407 254 3476 putare
272 3403 442 3482 Ciceronem,
461 3424 523 3461 cunr
542 3423 584 3475 ep.
601 3407 657 3470 Ill,
678 3407 709 3460 12
726 3409 871 3473 scriberet,
895 3409 951 3464 iam
973 3409 1118 3463 certiorem
1137 3425 1195 3463 esse
1214 3407 1317 3462 facturn

153 3476 187 3530 de
205 3472 288 3543 Appir
306 3475 456 3529 creatione:
475 3476 550 3543 quod
569 3474 592 3528 si
610 3475 653 3530 ita
670 3481 754 3542 esset,
775 3479 834 3534 sine
852 3479 936 3532 dnbio
955 3478 1048 3533 (ticero
1100 3478 1225 3532 atulatus
1244 3483 1316 3532 esset

152 3549 203 3599 aut
220 3544 293 3598 certe
314 3544 529 3613 praescripsisset
547 3545 696 3614 epistulae:
715 3548 750 3601 Μ.
769 3549 822 3603 Cic.
842 3552 911 3618 App.
931 3548 1050 3613 l'ulchro
1094 3547 1211 3602 ensori
1229 3545 1260 3611 S;
1281 3548 1317 3603 cf.

152 3611 396 3735 praesc{iptiontrsm
414 3630 456 3682 ep.
475 3613 529 3678 ΙΙΙ,
551 3615 589 3670 ΙΙ.
624 3615 750 3670 Ceterum
768 3618 845 3682 vide,
870 3633 941 3686 quas
960 3617 1032 3671 infra
1052 3617 1099 3687 (sd
1117 3615 1147 3680 8)
1165 3617 1199 3672 de
1216 3616 1269 3672 buo
1286 3635 1316 3673 re

153 3700 246 3752 exposr
261 3699 279 3736 a
293 3699 366 3735 sun.

220 3751 316 3819 b)V1‚
338 3750 394 3805 181.

220 3822 247 3889 c)
265 3819 398 3888 Respexit
415 3819 474 3875 sine
492 3821 575 3877 dubio
592 3823 769 3879 Drumannus
787 3842 830 3895 ep.
842 3824 878 3878 ud
888 3824 948 3878 Ati.
958 3823 991 3889 V,
1012 3825 1043 3878 12
1058 3827 1074 3895 ξ
1094 3827 1105 3880 l
1115 3848 1123 3892 ;
1141 3827 1173 3882 13
1190 3829 1206 3896 ξ
1223 3827 1247 3888 l,
1266 3826 1314 3880 ubi
1409 3831 1417 3851 '

153 3890 187 3944 de
204 3890 397 3945 imbecillitate
418 3890 612 3960 aphractorum
629 3892 799 3947 Rhodiomm
818 3895 860 3948 est
878 3908 975 3948 senno.

221 3958 250 4092 ἐξ
267 3958 539 4092 {rIifileghilondbuch
557 3961 709 4016 dermeth.
728 3980 755 4017 ιι.
772 3964 863 4018 techn.
882 3963 981 4018 Chron.
1000 3963 1035 4029 Il,
1056 3965 1112 4018 116.
