2954 4874
781 207 823 274 59

217 391 364 475 Cumque
373 389 535 457 Ciceronis
553 389 687 473 epistula
702 387 743 451 ad
752 388 818 453 An.
827 387 879 466 IX,
900 389 928 470 7,
947 407 1018 452 curn
1035 408 1100 470 qua
1107 389 1255 468 A,BetC
1267 393 1379 458 missae

215 479 299 552 sunt,
322 494 351 539 a.
375 474 405 538 d.
424 474 473 537 lll.
496 474 537 536 id.
560 473 651 537 Mart.
676 471 733 553 [=
760 472 806 535 13.
828 471 937 550 Mart.)
958 471 1075 552 scripta
1098 473 1155 553 sit,
1178 475 1321 556 sequitur
1343 479 1380 540 ut

216 557 307 622 Balbi
337 578 386 640 ep.
407 556 433 620 B
462 557 544 621 inter
576 576 604 620 a.
634 555 664 620 d.
689 556 736 620 lll.
759 574 832 618 non.
852 559 883 618 et
911 554 958 618 Ill.
985 554 1025 617 id.
1047 553 1138 618 Mart.
1163 558 1295 636 (5.-13.
1320 558 1380 638 M.)

218 641 296 705 data
321 640 379 715 sit;
417 658 614 721 quamquam
648 657 776 720 prorsus
808 640 854 700 est
881 636 947 700 veri
974 636 1074 701 simile
1110 638 1246 704 Balbum
1272 644 1379 707 statim

216 725 292 806 post
313 722 440 786 allatam
454 720 597 785 Caesaris
619 721 785 802 epistulam
806 716 863 800 (C)
880 717 1022 784 Ciceroni
1044 720 1218 803 scripsisse;
1239 725 1270 787 id
1294 726 1380 806 quod

217 805 428 870 confirmatur
451 824 500 887 ep.
512 803 562 880 IX,
579 805 596 867 7
613 802 630 885 ἓ
645 803 680 866 3:
704 804 745 879 ,id
767 821 818 865 me
841 804 902 865 iam
926 800 1084 884 pridem
1106 824 1199 886 agere
1221 806 1381 890 intelleges

217 908 256 952 ex
277 888 390 952 litteris
412 887 502 950 Balbi
525 890 556 950 et
575 886 682 968 Oppii,
705 904 840 967 quarum
862 885 1006 967 exempla
1026 885 1082 949 tibi
1104 887 1192 951 misi!

297 994 443 1058 Statuere
465 993 563 1072 igitur
581 992 657 1055 mihi
683 992 790 1054 videor
810 1010 904 1074 posse
924 990 1068 1056 Caesaris
1091 979 1258 1075 epistulam
1280 994 1333 1071 IX,
1351 996 1380 1073 7,

216 1074 241 1142 C
262 1077 372 1141 datam
400 1095 468 1139 esse
495 1076 567 1139 circ.
591 1074 651 1138 kal⁴
674 1074 767 1138 Mart.
789 1079 822 1137 at
846 1093 885 1138 ue
906 1074 1044 1139 Romam
1069 1076 1198 1140 allatam
1221 1097 1288 1142 esse
1309 1078 1382 1142 circ.

217 1178 245 1224 a.
266 1160 296 1223 d.
317 1159 366 1222 ΠΙ.
389 1177 454 1222 non
474 1157 582 1231 Mart.;
616 1157 783 1238 epistulam
812 1156 825 1219 l
858 1157 919 1234 ,7,
940 1157 985 1235 Α,
1016 1178 1098 1240 quae
1126 1163 1221 1223 ante
1249 1159 1380 1224 allatam

216 1242 360 1308 Caesaris
380 1261 427 1322 ep.
450 1241 626 1322 conscripta
648 1245 704 1316 est,
727 1241 837 1304 datam
861 1259 928 1302 esse
951 1241 1022 1305 circ.
1045 1255 1073 1305 a.
1097 1241 1126 1305 d.
1138 1242 1171 1305 V.
1187 1262 1261 1306 uon.
1271 1243 1379 1319 Mart.;

216 1324 384 1407 epistulam
406 1322 457 1400 lX,
477 1324 506 1402 7,
527 1323 553 1386 Β
575 1323 645 1387 circ.
669 1343 716 1404 pr.
740 1342 815 1386 non,
838 1321 929 1385 Mart.

299 1457 372 1535 104)
395 1456 519 1537 ctVlll,
532 1459 570 1520 15
592 1455 649 1538 53.
678 1456 725 1520 De
742 1456 803 1534 die,
824 1474 888 1538 quo
911 1476 959 1538 ep.
969 1453 1044 1533 VlIl,
1069 1458 1105 1519 15
1127 1455 1204 1520 data
1221 1456 1270 1535 sit,
1291 1476 1320 1519 v.
1330 1456 1380 1520 98.

302 1590 372 1670 105)
394 1591 431 1652 cf.
452 1588 504 1665 IX,
525 1590 544 1651 6
567 1587 585 1669 ἓ
608 1589 627 1652 3
650 1608 720 1651 eum
745 1588 797 1666 IX,
819 1588 839 1651 9
860 1587 878 1669 ἓ
900 1589 938 1664 23
967 1590 1053 1670 quod
1079 1589 1163 1652 enirn
1185 1588 1288 1671 priore
1311 1588 1381 1652 loco

218 1675 257 1737 de
286 1672 381 1754 ipsius
404 1672 535 1752 Pompei
562 1671 755 1752 proiectione
781 1675 964 1735 nuntiatum
987 1673 1073 1748 erat,
1104 1671 1137 1734 id
1168 1672 1281 1735 falsum
1304 1672 1380 1746 luil3

218 1755 273 1818 sed
295 1754 438 1818 consules
458 1754 572 1816 saltem
595 1772 665 1817 cum
687 1759 778 1836 parte
800 1755 966 1836 copiarum
987 1774 1077 1818 mare
1098 1755 1247 1819 transisse
1265 1773 1381 1834 cogno·

208 1838 316 1901 scitur
333 1856 372 1900 ex
387 1855 436 1919 ep.
453 1834 606 1916 IX,9§2.

301 1965 376 2049 roo)
398 1966 607 2048 cf.1x,1§1.

304 2099 377 2176 107)
398 2099 460 2182 Bp.
489 2101 536 2164 ad
564 2100 654 2165 fam.
685 2100 767 2177 Vlll,
803 2101 850 2163 15.
914 2097 1006 2162 Hanc
1048 2101 1121 2180 post
1153 2097 1379 2165 Corfiniensem

217 2183 381 2246 victoriam
403 2183 512 2247 datam
535 2202 619 2260 esse,
647 2202 685 2246 ex
706 2182 774 2264 ipsa
796 2181 814 2263 ἓ
839 2187 850 2243 l
878 2182 1067 2246 concludere
1088 2180 1205 2262 possis:
1235 2201 1379 2264 ,ecquem

218 2267 326 2329 autern
345 2263 480 2329 Caesare
508 2268 618 2328 nostro
645 2266 798 2329 acriorem
827 2264 859 2328 in
889 2266 986 2328 rebus
1016 2263 1180 2346 gerendis,
1211 2267 1322 2329 eodem
1350 2267 1382 2329 in

224 2346 354 2410 victoria
375 2348 713 2428 temperatiorem
734 2351 791 2410 aut
807 2346 908 2429 legisti
929 2350 986 2411 aut
1007 2346 1150 2410 audistii‘
1200 2345 1276 2413 Erat
1297 2348 1382 2411 enim

218 2434 291 2513 post
310 2434 438 2511 captum
456 2429 629 2494 Corfinium
642 2428 785 2494 Caesaris
805 2430 989 2508 ,clementia‘
1013 2429 1157 2494 omnium
1178 2429 1210 2492 in
1232 2450 1296 2495 ore.
1319 2430 1382 2495 Sed

220 2510 421 2576 manifestum
453 2513 484 2575 id
515 2512 551 2575 iit
570 2513 621 2590 iis,
655 2533 738 2594 quae
768 2514 800 2577 in
830 2516 965 2577 exeunte
988 2511 1120 2593 epistula
1140 2512 1307 2593 leguntur,
1328 2513 1383 2576 ubi

219 2595 319 2659 tacete
340 2593 463 2658 Caelius
485 2593 631 2659 Caesaris
659 2598 777 2660 factum
808 2615 881 2659 eum
904 2595 1051 2671 Bellieni,
1093 2596 1175 2660 servi
1204 2596 1383 2673 cuiusdam,

219 2681 403 2758 comparat:
425 2678 449 2740 is
471 2679 555 2741 enim
576 2678 742 2755 Bellienus,
764 2698 837 2742 cum
849 2678 1023 2742 Domitium
1046 2677 1219 2759 quendam,
1242 2678 1380 2743 nobilem

216 2760 324 2841 oppidi
355 2760 497 2823 lntimelii
543 2762 661 2837 civem,
701 2762 894 2838 necavisset,
939 2762 1096 2824 maximas
1129 2760 1160 2823 iu
1193 2781 1230 2826 eo
1264 2760 1382 2844 oppido

219 2842 330 2905 turbas
367 2843 469 2906 civiles
497 2847 657 2920 moverat,
692 2863 830 2925 quarum
865 2844 1080 2907 sedandarum
1115 2863 1211 2908 causa
1239 2843 1382 2909 Caelium

219 2924 338 2989 Caesar
368 2945 438 2988 eum
469 2927 621 2989 militibus
639 2926 829 2989 lntimelium
849 2926 1003 3008 proficisci
1025 2926 1167 2989 iusserat.
1219 2926 1307 3004 Quas
1332 2945 1383 2989 res

219 3006 343 3071 Caelius
357 3013 527 3090 postquam
551 3009 703 3088 exposuit,
721 3010 764 3072 sic
787 3029 842 3090 per
864 3009 901 3072 it:
923 3027 1034 3090 ,usque
1050 3027 1190 3090 quaque,
1212 3010 1243 3073 in
1269 3009 1327 3087 uiS,
1348 3028 1381 3072 se

217 3090 346 3154 Domitii
368 3091 450 3153 male
467 3091 555 3154 dant.
581 3092 690 3155 vellem
709 3030 969 3174 quidemilenere
984 3095 1160 3172 prognatus
1174 3093 1234 3170 (Ξ
1246 3029 1381 3172 Caesar)

221 3176 346 3236 tantum
376 3174 473 3236 animi
495 3173 658 3237 habuisset
685 3175 716 3237 iu
737 3179 842 3238 vestro
865 3174 1021 3252 Domitio,
1063 3177 1221 3256 quantum
1243 3174 1384 3238 Psecade

222 3259 318 3319 natus
340 3255 398 3336 (z
411 3255 579 3336 Bellienus)
602 3257 632 3319 in
655 3257 714 3320 hoc
734 3257 866 3321 babuit‘
907 3256 1018 3320 Irridet
1038 3257 1133 3339 igitur
1144 3254 1289 3321 Caesaris
1309 3276 1385 3338 erga

218 3337 391 3402 Domitium
412 3338 630 3402 clementiam:
652 3339 807 3404 Domitius
821 3340 905 3403 enim
922 3340 1008 3422 apud
1024 3338 1198 3404 Corfinium
1213 3359 1233 3404 a
1247 3338 1383 3405 Caesare

219 3425 332 3502 captus
353 3424 385 3484 et
406 3420 553 3485 dimissus
574 3425 651 3485 erat.
694 3421 777 3486 Data
800 3422 895 3505 igitur
916 3426 964 3486 est
985 3442 1002 3486 e
1028 3471 1034 3484 .
1059 3424 1131 3504 post
1151 3442 1179 3486 a.
1202 3422 1232 3485 d.
1255 3421 1307 3486 IX.
1319 3423 1382 3487 kal.

217 3501 308 3567 Mart.
330 3502 386 3582 (τ-
410 3504 459 3566 al.
484 3503 596 3583 Febr).
647 3504 776 3585 Legitur
803 3508 908 3570 autem
936 3504 968 3568 in
997 3443 1054 3586 ξ]
1079 3507 1173 3569 extr:
1203 3523 1295 3586 ,quae
1327 3505 1383 3569 tibi

220 3604 377 3668 exponere
408 3585 466 3648 nisi
494 3605 602 3650 coram
624 3605 690 3650 non
715 3606 861 3669 possum,
889 3588 985 3669 idque
1012 3588 1154 3651 celeriter
1180 3586 1248 3651 fore
1273 3606 1382 3669 sper03

220 3687 296 3732 nam
317 3687 387 3745 me,
410 3688 482 3732 cum
504 3670 671 3752 expulisset
692 3689 730 3733 ex
751 3670 842 3734 ltalia
865 3669 1070 3753 Pompeium,
1094 3670 1136 3733 ad
1168 3671 1281 3734 urbem
1308 3689 1383 3734 oon-

220 3751 320 3814 stituit
342 3769 470 3832 vocare3
495 3752 525 3814 id
552 3752 637 3833 quod
668 3752 730 3816 iam
759 3753 901 3817 existimo
921 3751 1115 3828 confectum,
1144 3752 1204 3817 nisi
1225 3752 1251 3816 si
1272 3752 1385 3818 maluit

221 3832 392 3916 Pompeius
412 3834 570 3898 Brundisii
589 3835 830 3899 circumsederi!
870 3834 975 3899 Caelio
997 3835 1092 3916 igitur
1111 3835 1177 3898 veri
1195 3835 1296 3900 simile
1316 3855 1384 3901 esse

221 3916 346 3981 videtur
387 3915 556 3980 Caesarem
593 3917 657 3981 iarn
696 3918 850 3999 expulisse
880 3917 1070 4000 Pompeium
1108 3937 1147 3982 ex
1178 3917 1284 3997 ltalia,
1327 3919 1383 3983 nisi

223 3998 382 4064 Brundisii
404 4000 510 4083 oppidi
529 4000 650 4063 obsidio
671 4020 778 4065 moras
803 4000 950 4066 attulerit.
999 4000 1099 4064 Abest
1119 4004 1229 4065 autem
1250 4000 1384 4067 Brundi·

276 4123 423 4175 ‹samioru-
1184 4121 1202 4179 4
