2954 4874
718 272 756 336 15

157 448 262 534 equod
283 448 378 529 igitur
399 449 540 515 fecissem
557 449 606 516 'ad
620 449 746 528 urbem,
768 450 794 513 si
810 449 1006 515 consuetudo
1021 448 1154 532 pristina
1164 447 1315 524 maneret,

155 535 188 600 id
217 531 368 615 quoniam
400 532 470 613 lege
491 534 569 597 lulia
598 533 776 615 relinquere
794 533 933 597 rationes
950 534 982 596 in
1005 531 1166 615 provincia
1188 550 1317 596 neeesse

155 618 237 690 erat,
267 615 457 698 easdemque
482 617 615 681 totidem
643 616 745 679 verbis
775 616 891 680 referre
924 616 965 680 ad
987 616 1162 693 aerarium,
1196 613 1254 679 feei
1283 613 1316 677 in

155 697 333 784 provincia,
363 717 505 780 neque,
520 700 580 764 ita
601 699 688 775 feci,
717 701 754 761 ut
773 701 805 762 te
827 698 869 762 ad
892 719 999 763 meum
1021 698 1187 762 arbitrium
1213 696 1317 761 addu-

156 799 270 856 cerem,
287 780 342 843 sed
362 781 459 845 tribui
481 780 536 846 tibi
559 785 696 858 tanturn,
718 783 874 862 quantum
897 801 949 846 me
971 781 1117 845 tribuisse
1138 797 1316 861 numquam
1414 832 1416 839 ,

154 884 207 931 me
227 863 415 946 paenitebit3
435 867 538 928 totum
559 865 645 928 enim
665 863 834 928 scribam
863 883 1002 943 meum,
1024 883 1119 945 quem
1142 863 1198 926 tibi
1223 861 1315 926 video

158 966 244 1013 nunc
265 965 332 1010 esse
353 951 553 1028 suspectum,
578 947 634 1011 tibi
666 947 797 1023 tradidi3
826 950 861 1010 tu
892 947 919 1011 ei
943 945 985 1010 M.
1006 945 1160 1010 Mindium
1187 945 1318 1009 fratrem

155 1037 245 1096 tuum
267 1028 450 1105 adiunxisti3
477 1030 615 1094 rationes
637 1029 801 1094 confectae
820 1049 881 1093 me
909 1030 1084 1094 absente
1105 1031 1179 1093 sunt
1200 1031 1316 1103 tecum,

155 1115 196 1180 ad
230 1131 310 1194 quas
340 1131 399 1192 ego
433 1112 510 1177 nihil
549 1112 680 1177 adhibui
709 1116 836 1194 praeter
869 1112 1054 1176 lectionem:
1093 1111 1139 1176 ita
1174 1109 1315 1191 accepi

156 1196 301 1262 librum
323 1215 343 1258 a
362 1214 433 1259 meo
454 1195 572 1273 scriba,
602 1198 639 1258 ut
660 1195 798 1260 eundem
816 1196 991 1275 acceperim
1011 1214 1031 1258 a
1049 1194 1148 1259 fratre
1168 1196 1254 1258 tuo«
1276 1225 1317 1236 -

158 1280 302 1362 Apparet
323 1277 434 1358 igitur,
456 1277 641 1342 Ciceronem
662 1297 727 1342 non
749 1278 871 1343 venisse
892 1278 1094 1353 Laodiceam3
1117 1294 1216 1359 quare
1232 1278 1317 1340 recte

155 1362 301 1428 sehabet
318 1365 428 1424 nostra
444 1362 562 1425 itineris
578 1360 755 1442 descriptio.
785 1360 878 1438 Quod
899 1362 923 1423 si
946 1362 989 1424 ita
1011 1362 1068 1436 est,
1091 1359 1167 1424 nihil
1190 1363 1238 1424 est
1261 1378 1317 1422 cur

153 1448 302 1529 putemus
328 1442 510 1508 Ciceronem
542 1444 721 1525 complures
756 1443 820 1507 dies
841 1443 935 1507 Sidae
965 1446 1200 1508 commoratum
1233 1461 1315 1505 esse:

153 1528 284 1594 accessit
314 1525 355 1590 ad
384 1527 443 1590 boo
468 1527 638 1608 oppidum,
674 1529 710 1589 ut
739 1526 780 1590 ibi
808 1530 1025 1608 pernoctaret,
1059 1526 1200 1590 similiter
1227 1527 1262 1588 ut
1283 1524 1315 1586 in

155 1610 355 1690 navigatione
384 1609 553 1690 superioris
580 1608 672 1685 anni,
706 1627 778 1673 curn
808 1607 942 1673 Athenis
970 1609 1130 1690 Ephesum
1161 1607 1315 1683 traiceret,

129 1713 132 1718 ’
158 1695 198 1759 ad
220 1693 365 1768 Zostera,
394 1692 436 1756 ad
459 1690 532 1770 Ceo,
555 1691 711 1774 Gyarum,
731 1692 860 1774 Syrum,
883 1691 996 1756 Delum
1017 1692 1130 1756 eadem
1156 1691 1196 1756 de
1222 1708 1318 1755 eausa

156 1795 270 1840 navem
294 1775 493 1856 appulerant
543 1774 688 1839 Fortasse
715 1774 809 1856 igitur
837 1782 965 1856 postero
995 1775 1057 1839 iam
1079 1775 1144 1854 die,
1172 1794 1219 1858 pr.
1242 1793 1317 1837 non.

157 1859 256 1936 Sext,
286 1857 362 1921 Sida
382 1856 535 1922 Rhodum
557 1857 709 1939 navigare
726 1859 872 1940 perrexit.

239 1987 275 2067 4)
297 1987 359 2071 Ep.
387 1987 432 2052 ad
463 1988 528 2071 Ap.
556 1986 776 2052 Claudium
801 1988 854 2068 Ill,
882 1989 928 2052 ta

237 2095 292 2160 Est
303 2093 409 2176 in§4:
435 2095 618 2159 »decedenti
641 2095 718 2159 mihi
741 2097 772 2158 et
792 2095 854 2159 iam
873 2094 1006 2176 imperio
1021 2113 1131 2159 annuo
1146 2095 1316 2159 terminato

155 2183 229 2246 ante
244 2180 274 2242 d.
287 2178 527 2253 lll.non.Sext.,
548 2196 620 2241 cum
642 2178 684 2242 ad
705 2177 812 2242 Sidam
835 2178 909 2242 navi
932 2177 1117 2241 accederem
1138 2181 1169 2241 et
1191 2196 1316 2242 meeum

154 2264 192 2341 Q.
215 2261 386 2326 Serviliusll
407 2264 500 2337 esset,
522 2261 643 2324 litterae
675 2279 694 2325 a
726 2261 803 2323 meis
831 2264 905 2325 sunt
933 2259 1085 2324 redditae.
1117 2260 1180 2325 dixi
1208 2261 1315 2324 statim

155 2345 286 2411 Servilio
308 2351 347 2390 -'
371 2344 485 2407 etenim
509 2343 678 2407 videbatur
698 2362 765 2406 esse
788 2347 967 2407 commotus
989 2376 1028 2388 -
1049 2346 1084 2407 ut
1105 2343 1213 2408 omnia
1230 2361 1315 2407 arne

155 2429 278 2493 maiora
300 2429 529 2509 exspectaret«.
569 2425 616 2490 Ex
643 2426 791 2489 universo
823 2426 915 2490 huius
946 2425 1100 2507 epistulae
1128 2429 1317 2506 argumento

155 2516 288 2595 apparet
306 2511 441 2586 litterae,
470 2528 552 2592 quas
577 2506 636 2572 hoe
660 2508 728 2572 loco
746 2508 854 2573 Cicero
875 2528 895 2573 a
915 2510 979 2572 suis
998 2528 1032 2573 se
1054 2509 1210 2591 accepisse
1233 2508 1317 2583 dicit,

156 2615 222 2658 esse
235 2614 297 2671 eas,
307 2593 421 2675 quibus
436 2592 572 2672 primurn
590 2591 630 2655 de
646 2591 736 2656 factis
746 2591 926 2656 Dolabellae
941 2595 973 2656 et
981 2591 1103 2656 Tulliae
1116 2592 1317 2674 sponsalibus

156 2676 265 2741 Cicero
294 2675 406 2740 certior
431 2677 477 2737 est
504 2675 614 2738 lactus.
659 2672 752 2752 Quod
775 2675 881 2738 scribit
906 2675 1079 2753 »amois«,
1107 2694 1147 2738 ex
1175 2695 1212 2738 eo
1241 2692 1317 2738 con·

156 2759 350 2824 cludendum
372 2775 439 2820 esse
461 2757 592 2830 videtur,
614 2776 667 2820 eas
690 2757 809 2821 litteras
827 2777 847 2821 a
867 2756 1016 2821 Terentia
1037 2761 1069 2821 et
1081 2757 1184 2821 Tullia
1205 2758 1316 2821 missas

156 2862 239 2918 esse3
269 2861 308 2905 ac
327 2839 466 2921 protecto
488 2840 625 2920 primum
648 2840 688 2903 de
709 2838 767 2903 bac
791 2860 824 2904 re
844 2841 992 2904 nuntium
1014 2839 1134 2904 abillis
1156 2841 1237 2905 mitti
1258 2858 1317 2921 par

155 2928 233 2990 erat.
282 2923 353 2987 Fuit
378 2924 486 2986 autern
509 2920 672 2986 Dolabella
694 2921 789 3004 Appii
816 2924 1018 2998 accusatore),
1054 2942 1119 3005 qua
1152 2923 1192 2986 de
1220 2941 1316 2987 causa

156 3027 220 3072 non
250 3006 362 3071 iniuria
389 3003 538 3068 Servilius
567 3005 677 3069 audito
707 3005 818 3069 nuntio
849 3004 1117 3070 commovebatur.
1172 3005 1317 3088 Cumque

156 3110 194 3154 ea
221 3109 270 3153 res
303 3089 371 3152 sine
404 3087 501 3151 dubio
529 3087 633 3169 Appio
665 3087 862 3152 odiosissime
892 3091 987 3167 esset,
1020 3087 1180 3152 Ciceronis
1208 3093 1316 3153 autern

156 3172 293 3235 maxime
315 3173 494 3247 interesset,
528 3189 569 3233 ne
589 3170 774 3234 nobilissimi
803 3170 860 3233 viri
887 3172 1022 3251 gratiam
1045 3171 1316 3236 benevolentiam-

156 3272 218 3336 que
248 3253 424 3330 amitteret,
453 3253 520 3315 iure
548 3253 632 3317 hanc
658 3252 699 3316 ad
727 3252 866 3334 Appium
906 3253 1073 3334 epistulam
1109 3255 1318 3318 excusationis

156 3337 286 3419 plenam
317 3334 428 3398 eodem
460 3334 557 3398 etiam
586 3335 639 3397 illo
667 3334 717 3398 die
738 3335 780 3410 (3.
803 3335 904 3410 Sext.)
926 3338 1139 3421 conscriptam
1171 3357 1238 3402 esse
1259 3337 1317 3401 viri

155 3419 239 3484 docti
260 3416 406 3481 statuisse
426 3415 526 3480 videri
546 3420 688 3498 possunt.
728 3416 839 3499 Neque
865 3418 897 3481 id
919 3422 1027 3484 tamen
1048 3439 1177 3502 prorsus
1195 3424 1317 3484 certum

155 3505 211 3568 est.
266 3499 349 3564 Nam
377 3518 441 3563 non
469 3498 566 3562 modo
592 3517 709 3562 novam
740 3500 927 3564 affinitatem
958 3501 1066 3567 Cicero
1092 3503 1154 3567 hac
1183 3504 1317 3585 epistula

154 3586 298 3660 excusat,
327 3600 437 3644 verum
463 3582 559 3646 etiam
588 3583 758 3669 respondet
775 3583 816 3646 ad
839 3584 935 3666 Appii
959 3584 1094 3663 litteraS,
1125 3586 1241 3669 quibus
1266 3586 1316 3650 ille

155 3689 227 3734 eum
252 3668 292 3731 de
313 3663 510 3731 absolutione
531 3664 669 3728 ambitus
699 3665 865 3730 certiorem
895 3667 1013 3732 fecerat
1037 3668 1192 3751 simulque
1219 3669 1316 3752 paulo

223 3891 253 4026 bt)
268 3883 495 4077 ddrdbudtdqur'i
511 3885 616 4010 dd'Alsia
633 3954 746 4026 negotia
764 3975 872 4012 curasse
887 3956 1004 4023 videtur,
1022 3958 1186 4032 saepiusque
1193 3964 1316 4020 Ciceroni

157 4024 241 4095 Appii
255 4024 364 4079 litterae
384 4024 433 4078 red
452 4023 518 4089 rdit3
537 4025 570 4080 of.
588 4026 624 4080 ad
641 4025 706 4079 fam.
724 4026 771 4092 III,
792 4027 833 4092 10,
850 4028 878 4092 2;
898 4027 937 4091 11,
957 4028 979 4082 l.

223 4095 248 4164 e)
266 4093 299 4148 et.
316 4093 352 4149 ed
371 4094 427 4150 Att.
447 4093 493 4159 VI,
511 4095 535 4160 6,
555 4095 582 4160 1;
601 4095 637 4150 ad
654 4095 719 4150 lam.
738 4095 774 4163 ΙΙ,
795 4097 835 4165 13,
853 4096 870 4150 2
887 4098 961 4164 extr5
982 4096 1056 4163 VHI,
1076 4099 1101 4171 6,
1122 4105 1145 4157 1.
