2954 4874
211 507 216 538 r
240 487 288 549 15.
301 481 371 548 Oet.

241 594 288 659 16.
333 615 348 650 »

786 263 806 326 2

432 483 565 547 Athenis
584 483 670 547 dedit
687 502 735 566 ep.
755 483 797 547 ad
818 484 884 548 Att.
905 484 955 563 Vl,
976 485 1058 564 9¹⁸).

432 589 575 655 Indidem
590 589 673 654 misit
685 589 808 673 eppad
820 590 886 655 Att.
896 589 958 668 Vll,
982 592 1009 668 1,
1032 592 1074 656 ad
1082 589 1380 670 Terent.XIV‚5¹⁴).

430 695 531 761 Paulo
551 699 624 778 post
645 695 779 761 Athenis
800 697 961 778 profectus
983 700 1030 762 est
1042 695 1093 779 ¹⁶).

432 800 555 884 [Mense
571 801 700 868 Octobri
721 802 885 868 Dolabella
905 807 937 869 et
958 802 1062 869 Tullia
1083 805 1264 887 coniugium
1284 805 1379 870 inisse

471 905 633 992 ridentur]
646 908 694 990 ¹⁰).

362 1063 370 1077 .
433 1017 536 1081 Patris
557 1015 665 1081 Cicero
685 1015 835 1080 Tironem
857 1019 1024 1097 aegrotum
1045 1016 1171 1100 reliquit
1182 1015 1230 1098 Π).

430 1123 475 1188 Ex
497 1123 698 1205 navigatione
720 1122 803 1187 misit
824 1122 864 1186 ad
887 1142 961 1187 eum
982 1141 1032 1205 ep.
1048 1122 1128 1203 XVI,
1153 1124 1235 1205 1¹⁸).

322 1252 337 1286 »
430 1231 571 1314 Alyziam
594 1230 724 1294 accessit
737 1229 785 1307 ¹⁹).

322 1358 337 1392 »
431 1337 476 1401 lbi
498 1337 608 1414 Quinti
630 1337 732 1402 fratris
752 1337 927 1401 adventum
949 1338 1160 1420 exspectavit,
1191 1339 1376 1422 scripsitque

472 1444 514 1509 ad
535 1444 685 1508 Tironem
707 1464 756 1527 ep.
779 1443 857 1520 XVI,
880 1442 965 1525 22⁰).

321 1563 336 1597 >
430 1550 539 1634 Alyzia
561 1550 764 1633 proficiscens
786 1550 873 1614 dedit
891 1541 944 1633 epss
961 1551 1003 1616 ad
1024 1551 1087 1615 Tir.
1104 1550 1185 1629 XVI,
1206 1552 1235 1615 3.
1257 1550 1376 1616 Eodem

471 1657 521 1722 die
543 1657 720 1722 Leucadem
745 1653 894 1738 venite).

247 1753 276 1816 7·
320 1775 336 1809 ²
402 1765 405 1861 l
429 1764 575 1829 Leucade
596 1764 681 1828 misit
703 1784 752 1846 ep.
774 1764 852 1840 xvi,
875 1764 911 1839 43
933 1760 1046 1827 eodem
1066 1763 1115 1827 die
1136 1781 1209 1827 cum
1236 1763 1377 1845 proficis-

467 1875 590 1936 ceretur
617 1871 703 1936 dedit
727 1891 777 1952 ep.
806 1869 894 1948 XVI,
916 1872 953 1952 53
984 1870 1107 1952 vesperi
1138 1870 1266 1935 Actium
1291 1872 1377 1937 venit

467 1978 605 2061 indeque
626 1977 710 2042 misit
732 1997 781 2060 ep.
801 1977 882 2056 XVI,
904 1976 986 2056 llll).

318 2092 333 2126 ’
425 2085 510 2150 Actii
530 2088 659 2167 propter
680 2087 903 2167 tempestatem
925 2087 1068 2148 moratus
1090 2086 1136 2148 est
1146 2080 1198 2165 ²⁸).

425 2192 518 2257 Actio
538 2191 699 2275 profectus
719 2190 892 2274 Corcyram
913 2190 1000 2254 venit
1009 2189 1059 2271 ⁸⁴).

244 2332 251 2347 ·
336 2307 374 2345 ·”
428 2295 585 2381 Corcyrae
605 2297 708 2362 ventis
726 2301 867 2361 retentus
889 2299 937 2360 est
945 2296 996 2376 ΩΙ5).

427 2405 567 2489 Corcyra
593 2405 680 2469 dedit
707 2404 750 2468 ad
771 2402 834 2468 Tir.
854 2423 902 2485 ep.
922 2402 1002 2481 XVI,
1023 2403 1058 2479 73
1086 2405 1158 2483 post
1183 2400 1293 2464 datam
1323 2419 1371 2482 ep.

465 2513 499 2577 in
519 2516 646 2594 portum
662 2509 912 2595 Corcyraeorum
927 2509 970 2573 ad
977 2507 1149 2590 Cassiopen
1163 2507 1314 2590 processit
1322 2506 1372 2588 ²⁶).

424 2619 469 2683 lbi
488 2620 590 2684 ventis
610 2621 752 2683 retentus
769 2618 873 2696 este).
1274 2612 1277 2616 ⁴

316 2733 326 2766 ³
425 2726 501 2790 Post
519 2744 634 2790 cenam
654 2725 815 2809 protectus
836 2727 884 2788 est
893 2723 943 2802 88).

262 2864 270 2880 ·
314 2842 330 2870 ”
422 2832 626 2917 Hydruntem
649 2831 789 2915 pervenit
801 2830 851 2912 ²⁹).

315 2950 331 2977 ’³
422 2940 625 3005 Brundisium
656 2939 743 3003 venit
774 2938 854 3002 hora
882 2941 1011 3020 quarta3
1047 2937 1090 3002 ibi
1119 2956 1191 3000 cum
1222 2936 1372 3000 Terentia

463 3066 561 3112 uxore
581 3064 768 3127 congressus
790 3047 837 3108 est
848 3043 916 3123 ⁸⁰).-

277 3185 284 3200 ·
315 3159 331 3193 »
421 3155 588 3220 Brundisio
609 3153 696 3218 dedit
719 3172 769 3235 ep.
784 3151 827 3216 ad
838 3151 901 3215 Tir.
909 3149 990 3228 XVI,
1012 3152 1042 3228 9,
1064 3150 1107 3214 ad
1122 3151 1187 3241 Att.
1204 3148 1267 3229 vll,
1289 3149 1317 3214 A.
1330 3183 1371 3192 -

463 3261 582 3326 Eodem
605 3260 655 3325 die
676 3259 725 3324 vel
748 3258 845 3341 paulo
867 3260 938 3340 post
952 3258 1111 3339 proiectus
1133 3257 1237 3336 est³¹).

422 3367 543 3451 [Mense
561 3367 732 3432 Novembri
751 3364 791 3430 M.
803 3364 929 3430 Caelius
942 3363 1047 3430 Rufus
1067 3363 1139 3429 aed.
1150 3382 1215 3429 cur.
1225 3361 1369 3429 Caesaris

462 3478 570 3559 partes
591 3473 739 3556 amplecti
761 3469 941 3554 coepitP').

420 3580 529 3647 Cicero
543 3580 742 3645 Aeculanum
762 3578 914 3663 pervenit.
937 3612 978 3624 -
1000 3575 1135 3659 [Eodem
1152 3577 1213 3654 die,
1235 3573 1365 3656 vesperi,

461 3689 582 3754 Hirtius
603 3708 624 3753 a
644 3686 781 3753 Caesare
802 3687 915 3750 missus
933 3684 1074 3751 Romam
1094 3681 1260 3766 venit]³³).

259 3845 266 3860 .
309 3822 326 3852 »
420 3797 467 3861 Ex
482 3795 666 3860 Trebulano
677 3791 740 3859 Cic.
751 3792 839 3858 dedit
856 3792 956 3874 epad
977 3790 1118 3869 Attuli,
1142 3792 1172 3870 3,
1193 3790 1226 3853 in
1246 3807 1311 3872 qua
1334 3807 1367 3853 se

460 3903 581 3967 litteras
602 3923 623 3967 a
643 3901 743 3966 Balbo
764 3904 795 3965 et
817 3898 951 3964 Caesare
972 3898 1130 3981 accepisse
1150 3895 1368 3978 significat³⁴).

420 4008 502 4075 Cum
523 4008 677 4092 Pompeio
696 4007 728 4071 in
750 4004 929 4087 Campania
950 4003 1160 4109 commoranti
1181 4020 1369 4086 congressus

460 4115 570 4206 eser).
