2954 4874
715 254 754 321 19

152 438 459 513 demonstravimus3
485 454 564 501 num
595 454 671 500 vero
702 435 794 499 fuerit
815 436 897 499 inter
915 453 968 499 eas
990 432 1142 518 epistulas
1163 454 1243 517 quas
1264 431 1317 499 illo

153 527 203 590 die
228 522 338 589 Cicero
367 520 408 585 de
441 518 640 601 sponsalibus
662 519 799 601 accepit,
837 537 895 582 nec
930 518 1079 582 affirmari
1116 536 1175 580 nec
1210 517 1318 598 negari

152 610 267 755 potest.
306 602 414 682 Quare
437 606 547 666 utrum
570 600 730 665 Ciceronis
752 620 939 682 responsum
962 620 990 664 a.
1013 600 1042 663 d.
1064 599 1112 664 ΠΙ.
1134 619 1210 664 non.
1230 600 1317 665 Sext.

176 691 248 753 idae
279 707 321 752 an
350 685 447 769 paulo
474 689 546 766 post
564 681 671 748 Rhodi
692 685 905 764 conscriptum
927 683 982 761 sit,
1012 682 1175 747 diiudicari
1197 684 1317 766 nequit.

153 773 298 851 Quorum
327 772 436 833 tamen
464 766 617 848 posterius
643 766 719 829 milri
742 766 939 829 verisimilius
970 784 1038 829 esse
1067 765 1208 841 videtum
1240 785 1316 829 uam

152 856 178 919 si
199 874 237 918 ea
255 856 339 917 recte
359 870 393 915 se
414 850 550 926 habent,
572 868 656 932 quae
678 868 776 930 supra
798 849 837 912 de
858 846 1017 912 Ciceronis
1043 847 1154 911 itinere
1176 849 1318 929 exposui,

153 938 204 1002 vix
229 935 393 1001 credemus
415 933 456 998 ad
471 932 579 997 Sidam
593 929 778 996 Ciceronem
799 930 905 1013 plures
926 929 1076 1013 epistulas
1096 931 1318 1013 composuisse.

235 1089 268 1170 5)
288 1089 352 1172 Ep.
375 1087 425 1155 ad
445 1087 620 1169 Appium
644 1085 705 1164 ΙΙΙ,
729 1086 782 1151 13.

235 1197 305 1262 Hac
327 1195 460 1278 epistula
477 1193 586 1259 Cicero
617 1193 734 1275 gratias
762 1193 828 1274 agit
849 1193 954 1276 Appio
984 1196 1113 1275 propter
1134 1212 1263 1274 operam
1285 1192 1319 1256 in

155 1279 359 1345 decernendis
381 1276 662 1360 supplicationibus
684 1277 775 1340 enixe
796 1281 959 1340 navatam.
995 1276 1041 1340 De
1064 1277 1191 1340 decreta
1211 1279 1319 1339 autem

155 1362 383 1446 supplicatione
408 1360 517 1425 Cicero
544 1365 641 1424 antea
670 1363 717 1422 est
751 1359 864 1423 certior
900 1358 1001 1423 factus
1032 1377 1130 1440 quam
1159 1357 1199 1422 de
1230 1358 1320 1422 factis
1423 1370 1424 1374 ’

156 1447 277 1511 Tulliae
312 1463 383 1509 cum
402 1442 565 1508 Dolabella
599 1440 813 1524 sponsalibus3
841 1461 916 1505 nam
940 1441 971 1504 in
993 1461 1042 1522 ep.
1065 1442 1107 1505 ad
1129 1442 1194 1504 Att.
1219 1440 1318 1517 Vl,7

144 1533 230 1594 ante
251 1532 418 1593 exeuntem
433 1525 604 1603 Quintilem
627 1525 703 1588 data
725 1525 848 1589 scribit:
871 1525 1031 1601 ,Rhodum
1054 1524 1125 1588 volo
1147 1542 1319 1606 puerorum

156 1631 270 1688 causa,
300 1611 374 1674 inde
394 1627 492 1691 quam
514 1608 653 1690 primum
674 1606 835 1685 Athenae,
867 1609 923 1671 etsi
941 1607 1055 1672 etesiae
1074 1607 1167 1670 valde
1188 1607 1318 1685 reflant,

154 1695 211 1758 sed
231 1694 303 1758 volo
326 1693 375 1757 his
397 1689 641 1768 magistralibus,
663 1709 800 1773 quorum
815 1689 1011 1754 volunlatem
1034 1689 1066 1752 in
1089 1689 1318 1771 supplicatione

156 1796 228 1839 sum
249 1777 414 1856 expertus‘.
457 1771 561 1837 Facile
583 1773 676 1853 igitur
697 1773 885 1837 concludere
907 1773 1021 1855 aliquis
1043 1772 1139 1854 possit
1161 1772 1245 1838 hanc
1267 1791 1317 1854 ep.

158 1858 228 1935 tlll,
251 1858 306 1937 13)
326 1860 401 1920 ante
422 1854 478 1933 ΠΙ,
502 1855 539 1919 lu
560 1875 627 1919 esse
648 1855 775 1935 datam;
798 1860 894 1937 atque
916 1854 1119 1919 Hofmannus
1137 1854 1266 1936 quidem
1285 1854 1317 1917 id

158 1942 295 2023 probare
315 1939 479 2016 studuit⁸),
500 1956 604 2021 neque
622 1941 730 2002 tamen
749 1938 827 2002 mihi
848 1938 1010 2020 persuasit.
1029 1937 1156 2018 Legitur
1179 1939 1264 2000 onim
1285 1938 1317 2000 in

159 2044 206 2106 ep.
219 2021 268 2100 ΙΙΙ,
291 2023 329 2086 13
348 2019 410 2102 §le
432 2020 552 2101 ,vellem
572 2021 616 2084 ita
636 2020 765 2085 fortuna
785 2020 914 2096 tulisset,
936 2023 972 2084 ut
993 2021 1103 2102 quanli
1126 2039 1184 2100 ego
1207 2039 1318 2083 omnes

159 2110 247 2184 tu05,
281 2104 360 2169 tanti
382 2107 417 2167 tu
439 2122 526 2168 meos
549 2103 651 2167 iacere
668 2122 789 2185 possem
821 2102 907 2184 quod
926 2107 1034 2166 tamen
1057 2102 1179 2184 ipsum,
1214 2103 1319 2166 nescio

158 2207 222 2271 qua
244 2188 408 2270 permotus
428 2185 526 2250 animi
547 2185 757 2263 divinatione,
778 2204 846 2249 non
866 2185 1007 2266 despero.
1028 2185 1083 2248 sed
1100 2186 1159 2248 hoc
1181 2185 1257 2248 nihil
1279 2185 1321 2249 ad

157 2275 206 2349 te,
236 2273 381 2334 nostrum
410 2271 458 2332 est
480 2287 570 2332 onus.
593 2267 669 2331 illud
691 2269 783 2331 velim
806 2269 849 2332 sic
871 2267 1007 2345 habeas,
1041 2267 1128 2349 quod
1147 2267 1320 2348 intelleges,

158 2353 232 2417 hac
249 2373 288 2417 re
321 2354 476 2415 novata
507 2350 652 2413 additum
680 2352 782 2432 potius
817 2350 937 2432 aliquid
966 2350 1007 2414 ad
1041 2369 1148 2413 meum
1178 2369 1253 2434 erga
1289 2354 1320 2414 te

158 2435 315 2512 studium,
347 2452 410 2516 quo
431 2431 509 2496 nihil
531 2432 697 2497 videbatur
719 2434 792 2497 addi
811 2453 920 2515 posse,
940 2451 1038 2514 quam
1060 2433 1231 2514 quicquam
1254 2451 1320 2497 esse

158 2518 356 2583 detractum‘.
406 2515 521 2579 Nonne
549 2520 682 2598 apparet
711 2515 790 2581 haec
815 2517 857 2580 ad
888 2514 1085 2579 Dolabellam
1113 2519 1144 2578 et
1165 2516 1207 2578 ad
1234 2514 1321 2579 facta

158 2600 317 2683 sponsalia
331 2598 506 2681 pertinere?
528 2598 612 2662 Nam
649 2600 712 2663 uod
725 2598 927 2663 Hofmannus
950 2602 1053 2680 putat,
1075 2598 1225 2662 essehoc
1247 2598 1318 2662 loco

159 2701 337 2746 sermonem
361 2681 401 2744 de
422 2679 539 2758 Tullia,
569 2681 608 2745 de
627 2619 778 2746 (larentia
799 2681 899 2763 iisque
922 2679 1080 2744 Ciceronis
1102 2680 1321 2758 familiaribus,

160 2765 213 2848 qui
243 2763 399 2827 vellent
420 2761 555 2826 Tulliam
577 2763 759 2828 Dolabellae
780 2765 947 2840 collocare,
978 2766 1122 2845 spectare
1148 2763 1201 2826 illa
1223 2763 1321 2827 verba

159 2867 224 2912 non
249 2846 291 2909 ad
315 2844 398 2909 lacta
419 2844 595 2926 sponsalia,
625 2846 681 2909 sed
708 2847 749 2909 ad
778 2847 903 2928 iniquos
931 2865 1094 2910 sermones
1122 2845 1161 2908 de
1192 2846 1320 2909 consilio

159 2931 327 2994 mulierum
350 2928 413 2991 iam
433 2929 529 2990 antea
549 2946 692 3009 sparsos,
723 2930 755 2992 id
784 2930 872 2992 nullo
904 2930 1001 2992 modo
1027 2928 1154 2992 credere
1181 2948 1320 3009 possum.

157 3010 324 3090 Quaenam
346 3013 393 3074 est
416 3029 539 3074 cares
572 3014 741 3086 novata,
769 3031 834 3092 qua
865 3010 946 3073 adeo
974 3010 1051 3074 nihil
1080 3012 1258 3074 detractum
1280 3011 1320 3074 de

157 3115 215 3158 suo
237 3113 313 3175 erga
334 3093 472 3175 Appium
493 3093 598 3157 studio
621 3113 687 3157 esse
709 3094 818 3158 Cicero
838 3093 963 3170 scribit,
992 3096 1029 3157 ut
1048 3094 1152 3175 potius
1174 3093 1319 3157 additum

158 3177 274 3258 aliquid
294 3175 336 3239 ad
357 3195 498 3240 amorem
521 3195 590 3239 esse
610 3177 779 3241 videatur?
802 3175 925 3257 Nempe
945 3177 1120 3258 sponsalia,
1143 3177 1183 3240 de
1205 3176 1320 3258 quibus

160 3259 192 3322 in
213 3278 261 3340 ep.
286 3258 338 3334 ΙΙΙ,
362 3258 399 3322 m
427 3259 527 3322 isdem
560 3259 623 3322 fere
649 3259 754 3323 verbis
782 3259 964 3339 scripserat:
990 3259 1042 3337 ,sic
1063 3257 1179 3323 habeto
1201 3263 1319 3336 tamen,

160 3341 216 3404 nisi
245 3340 308 3402 iam
337 3345 410 3404 tunc
439 3341 547 3405 omnia
574 3341 701 3421 negotia
734 3361 806 3405 cum
836 3360 963 3405 summa
993 3343 1050 3405 tua
1075 3342 1227 3421 dignitate
1250 3342 1319 3406 dili·

158 3422 339 3507 gentissime
361 3423 583 3501 coniecissem,
613 3424 740 3488 tametsi
761 3423 838 3488 nihil
862 3424 1028 3488 ridebatur
1048 3424 1090 3488 ad
1112 3443 1219 3487 meum
1244 3443 1320 3505 erga

158 3513 203 3572 te'
220 3505 385 3589 pristinum
412 3506 552 3569 studium
579 3505 653 3569 addi
675 3526 784 3588 posse,
815 3510 924 3570 tamen
957 3507 1017 3570 hac
1046 3506 1124 3571 mihi
1156 3507 1321 3572 adfinitate

159 3588 309 3654 nuntiata
325 3605 389 3650 nou
407 3588 528 3651 maiore
545 3589 690 3670 equidem
707 3590 822 3666 studio,
844 3590 901 3653 sed
922 3589 1033 3666 acrius,
1056 3589 1205 3672 apertius,
1225 3589 1321 3670 signi·

159 3671 306 3738 ficantius
330 3669 514 3749 dignitatem
537 3674 626 3735 tuam
650 3669 1081 3736 defendissem...adfinitas
1103 3691 1187 3736 nova
1209 3690 1320 3736 curam

160 3754 235 3818 mihi
258 3752 361 3817 adfert
385 3752 532 3832 cavendi,
563 3773 604 3817 ne
633 3754 710 3835 quid
740 3754 780 3819 de
808 3772 935 3818 summo
965 3772 1038 3818 meo
1060 3773 1135 3836 erga
1155 3757 1187 3819 te
1210 3774 1320 3819 amore

161 3836 337 3901 detractum
367 3853 435 3898 esse
454 3834 619 3901 videatur‘.
668 3837 813 3920 Apparet
841 3837 895 3901 illa
926 3835 1022 3902 verba
1052 3837 1142 3902 aliter
1172 3837 1320 3919 explicari

162 4007 265 4146 lewa}
274 4007 513 4133 Fsri4d.81510fmanui
538 4008 572 4064 de
596 4006 702 4080 origine
728 4009 796 4065 belli
819 4007 908 4066 civilis
932 3987 1091 4064 Caesariani
1116 4025 1213 4064 comm.
1231 4008 1319 4065 Berol.

214 4195 361 4246 (summan.
1124 4194 1153 4250 μ
