2954 4874
714 292 756 360 36

153 476 269 541 Patras
290 495 392 557 usque
413 474 600 557 processerit
627 492 670 539 an
695 476 845 555 superato
864 471 985 538 Isthmo
1006 474 1140 540 navibus
1163 476 1205 542 ad
1227 477 1316 541 illam

154 561 268 625 urbem
289 560 464 623 accesserit.
514 556 683 640 Superiora
705 557 833 639 quidem
860 575 1041 621 annocum
1063 557 1096 622 in
1118 560 1316 641 provinciam

155 663 189 706 se
211 642 376 718 conferret,
398 642 490 707 Actio
505 640 616 704 maluit
629 640 687 703 iter
698 638 801 703 facere
818 639 959 720 pedibus
981 641 1132 721 quoniam
1142 643 1316 708 Leucatam

153 725 278 788 flectere
309 724 477 788 molestum
509 724 691 799 videbatur,
727 722 874 786 actuariis
901 726 1008 786 autern
1043 725 1172 788 minutis
1201 726 1318 790 Patras

154 807 303 871 accedere
329 808 434 870 minus
461 809 529 870 erat
555 806 706 869 decorum
716 806 746 867 ³).
796 804 851 868 Illo
878 804 972 885 igitur
1000 825 1086 869 anno
1113 827 1170 870 nec
1202 807 1317 872 Patras

153 893 275 953 venisse
305 909 363 953 neo
389 889 524 953 navibus
552 907 628 953 usus
656 907 724 952 esse
751 887 890 964 videtur,
928 887 982 951 sed
1012 890 1063 951 via
1090 892 1230 953 terrestri
1258 910 1318 974 per

152 972 383 1050 Acarnaniam,
417 973 590 1048 Aetoliam,
637 970 801 1035 Boeotiam
832 969 975 1034 Athenas
1004 971 1097 1035 Actio
1132 975 1315 1054 perrexisse.

154 1054 260 1132 Quare
279 1074 345 1118 non
367 1057 414 1118 est
435 1055 500 1129 veri
521 1052 678 1131 dissimile,
701 1053 797 1117 etiarn
819 1055 877 1116 iter
895 1053 970 1115 anni
989 1053 1059 1129 704,
1082 1054 1207 1138 dequo
1228 1076 1318 1120 nunc

154 1138 293 1218 agimuS,
322 1140 469 1201 terrestre
487 1136 598 1213 fuisse,
626 1154 685 1198 nec
706 1139 815 1199 tamen
837 1155 894 1217 per
913 1135 1048 1199 Hellada
1078 1156 1161 1219 quae
1188 1139 1317 1221 proprie

154 1225 302 1297 vocatur,
333 1240 443 1283 verum
474 1239 530 1301 per
557 1218 789 1298 Megarensium
812 1222 843 1281 et
869 1216 1101 1284 Corinthiorum
1128 1220 1222 1298 lineo,
1256 1241 1318 1303 per

152 1303 331 1384 Sicyoniam
352 1306 383 1366 et
396 1302 551 1366 Achaiam
570 1300 684 1365 Patras
704 1319 805 1383 usque
826 1302 947 1364 factum
969 1301 1076 1365 esset).
1110 1302 1317 1386 Quamquam

153 1386 349 1465 argumentis
370 1385 402 1448 id
423 1384 634 1448 demonstrari
649 1385 768 1465 nequit.
817 1384 927 1466 Neque
956 1404 1031 1448 vero
1060 1387 1230 1468 quisquam
1256 1388 1318 1451 sibi

153 1467 357 1548 persuadebit
376 1466 561 1532 Ciceronem
592 1485 689 1547 supra
709 1465 828 1530 Maleas
841 1465 973 1530 Athenis
1000 1467 1115 1532 Patras
1144 1471 1317 1552 navigasse,

154 1551 211 1613 etsi
234 1551 265 1613 in
288 1571 336 1632 ep.
356 1551 398 1613 ad
419 1551 493 1615 fam.
517 1550 567 1626 lV,
591 1550 629 1612 12
651 1547 670 1628 ᾖ
694 1549 709 1610 1
730 1549 855 1629 legitur,
877 1548 916 1612 Μ.
938 1549 1123 1615 Marcellum
1147 1570 1233 1616 anno
1255 1553 1317 1617 709

155 1632 196 1696 ab
207 1633 342 1696 Athenis
363 1653 460 1714 supra
479 1632 597 1697 Maleas
619 1632 650 1693 in
673 1630 795 1694 ltaliam
817 1632 930 1696 reverti
949 1634 1092 1696 voluisse.
1112 1669 1148 1677 -
1171 1633 1242 1710 Quo
1264 1636 1317 1698 die

154 1714 263 1779 Cicero
279 1716 391 1779 Patras
413 1716 533 1779 venerit
551 1733 616 1778 non
637 1714 740 1794 magis
762 1718 902 1778 constat:
930 1717 1199 1798 acquiescendum
1222 1717 1316 1798 igitur

155 1800 202 1861 est
230 1797 262 1860 in
282 1817 337 1875 eo,
365 1796 546 1861 Ciceronem
579 1797 660 1860 inter
691 1815 721 1859 a.
743 1796 773 1860 d.
797 1796 889 1860 XVll.
909 1798 938 1860 k.
959 1799 1038 1862 Nov.
1063 1800 1117 1875 (eo
1150 1799 1200 1862 die
1232 1805 1317 1864 certe

154 1880 289 1944 Athenis
317 1881 461 1944 nondum
491 1884 560 1944 erat
581 1877 752 1962 profectus)
775 1882 807 1941 et
828 1878 897 1942 ad.
915 1880 964 1943 lV.
977 1881 1139 1945 nonNon.
1164 1883 1242 1964 (quo
1265 1884 1317 1947 die

155 1962 267 2026 Patras
284 1962 421 2044 reliquit)
442 1963 577 2027 Athenis
598 1963 712 2026 Patras
733 1963 791 2024 iter
813 1961 930 2026 fecisse.

239 2093 293 2175 16)
315 2094 386 2172 Quo
408 2099 550 2177 tempore
571 2093 736 2159 Dolabella
756 2094 815 2158 sibi
833 2094 969 2159 Tulliam
992 2094 1176 2190 despondit,
1204 2095 1316 2162 Cicero

154 2177 336 2274 provinciae
366 2179 533 2242 etiamtum
554 2176 744 2259 praeerat⁶t3
773 2179 904 2242 nuntius
933 2179 973 2240 de
1000 2178 1089 2241 lactrs
1115 2180 1317 2276 sponsalibus

153 2261 311 2408 ithus
333 2259 1052 2424 tltlst‘statuttintentanti
1075 2261 1317 2439 llolltl'lil

153 2429 287 2491 constat.
330 2426 376 2490 Ex
390 2446 439 2508 ep.
456 2427 506 2490 ad.
519 2426 584 2490 nu.
602 2427 652 2502 Vl,
673 2429 694 2491 8
714 2427 849 2491 fortasse
865 2425 1051 2490 concludere
1073 2426 1185 2508 aliquis
1206 2430 1316 2508 possit,

153 2529 263 2575 mense
291 2509 399 2604 Sextili
420 2510 483 2575 iam
515 2509 615 2574 factas
651 2528 719 2574 esse
750 2510 891 2592 nuptias;
927 2508 1003 2604 dicit
1029 2510 1112 2604 enirn
1141 2507 1251 2573 Cicero
1281 2531 1317 2574 se

152 2593 311 2674 accepisse
333 2592 444 2657 ultimo
465 2594 582 2656 mensis
604 2592 797 2672 Septembris
818 2592 869 2655 die
890 2591 1005 2686 Ephesi
1025 2591 1193 2673 epistulam
1209 2593 1315 2671 Attici,

153 2676 186 2739 in
207 2694 272 2757 qua
292 2674 442 2756 scriptum
466 2678 546 2738 esset
568 2674 607 2737 de
629 2674 725 2741 Piliae
746 2676 853 2738 uxoris
875 2674 971 2738 Attio
996 2694 1141 2738 sermone
1163 2674 1202 2737 de
1223 2695 1316 2739 con-

154 2759 268 2855 iugio
289 2757 420 2854 Tulliae
468 2756 534 2853 ‚Sed
555 2757 720 2823 verisimile
751 2760 814 2836 est,
842 2758 1127 2854 111111113111110111111
1150 2758 1254 2854 potius
1274 2759 1316 2823 ad

152 2841 332 2987 little
349 2839 1313 3018 nathanain·Dlttllbilbtttatllll

154 3011 263 3070 autem
285 3009 412 3087 nuptias
432 3025 543 3070 mense
564 3004 693 3071 Octobri
716 3007 815 3071 factas
835 3027 903 3071 esse
932 3010 1041 3087 putem
1070 3022 1167 3068 causa
1197 3024 1235 3069 ea
1257 3009 1314 3084 est,

154 3089 240 3189 quod
259 3107 288 3152 a.
310 3088 340 3153 d.
364 3088 445 3152 XIV.
458 3088 487 3151 k.
508 3088 579 3153 Jun.
595 3090 652 3169 (=
666 3087 809 3169 lanai.)
832 3089 892 3152 705
912 3087 1016 3152 Tullia
1038 3087 1160 3169 peperit
1180 3107 1315 3169 puerum

157 3173 402 3253 enuapnrlaiov,
425 3171 456 3235 id
478 3171 564 3253 quod
586 3171 718 3252 legimus
735 3172 768 3235 in
793 3191 840 3254 ep.
861 3171 903 3236 ad
919 3171 987 3235 Att.
1010 3171 1049 3249 X,
1072 3171 1110 3234 18
1131 3168 1149 3250 ἕ
1173 3172 1200 3233 1.

237 3303 288 3385 17)
310 3302 414 3381 etad
439 3303 513 3366 iam.
540 3301 621 3379 XVl,
643 3303 663 3366 9
690 3301 708 3384 ἓ
734 3304 748 3367 1
780 3322 853 3368 curn
879 3302 967 3381 XVI,
989 3302 1003 3364 1
1027 3305 1059 3364 et
1079 3301 1158 3379 XVI,
1179 3303 1215 3377 ἒς
1244 3302 1317 3365 vide

154 3388 250 3452 etiam
275 3406 324 3468 ep.
342 3385 384 3450 ad
405 3385 472 3450 An.
492 3383 555 3462 Vll,
576 3385 596 3448 h
618 3383 636 3466 ἕ
656 3385 684 3448 3.

237 3519 289 3597 18)
310 3516 366 3581 Est
388 3515 454 3581 dies
474 3515 506 3580 in
528 3519 670 3581 extrema
692 3537 740 3599 ep.
1366 3602 1369 3606 Δ

238 3649 289 3730 19)
311 3648 349 3713 cf.
371 3649 413 3714 ad
432 3649 506 3714 lam.
523 3647 604 3728 XVI,
624 3648 659 3712 2:
681 3648 784 3727 ,tertio
804 3646 862 3712 abs
883 3651 915 3712 te
936 3647 1009 3730 die‘3
1035 3667 1111 3728 ergo
1131 3666 1178 3727 pr.
1196 3665 1273 3713 non.

221 3798 252 3936 M)
268 3795 420 3932 AtlttCMe'rM
430 3796 462 3920 11
473 3883 500 3918 u.
519 3882 541 3920 c.
561 3865 610 3919 707
629 3881 690 3918 cum
715 3863 745 3917 in
764 3862 856 3918 Asiam
882 3880 909 3916 se
928 3862 1013 3916 vellet
1032 3863 1066 3916 ad
1087 3863 1230 3919 Caesarem
1250 3881 1316 3919 con·

154 3936 237 4000 ferre,
265 3935 353 4005 primo
370 3935 462 3989 Patris
476 3935 545 4002 fuit,
570 3933 667 3989 deinde
685 3933 813 4004 Sicyone,
831 3937 863 3988 ut
881 3933 1052 4002 cognoscitur
1070 3951 1104 3986 ex
1122 3950 1182 4002 epp.
1201 3933 1236 3987 ad
1255 3936 1317 3990 An.

155 4004 487 4142 3¹'lfhllfhl’1f'1s
507 4077 530 4128 1.

223 4143 252 4214 d)
269 4144 334 4198 fam.
351 4143 402 4209 ΙΙΙ,
422 4144 462 4210 12,
479 4143 511 4208 4;
529 4144 591 4198 Art.
609 4141 658 4208 VI,
675 4141 699 4209 6,
719 4143 743 4197 1.
